3192 5126
627 302 864 367 -367-

176 457 343 525 Aooedunt
366 462 494 546 glossae
518 461 755 545 exquisitiores,
786 483 848 545 quo
873 461 907 526 in
930 484 1064 526 numero
1088 461 1177 526 ‘libri
1200 462 1320 546 glossa-

175 566 268 651 rum'‚
291 569 380 632 velut
403 568 556 653 glossarii
580 565 763 632 Salomonis
787 571 820 631 et
838 567 907 633 Mai
925 567 989 633 VII
1004 593 1033 654 p.
1049 569 1151 653 billa,
1175 569 1319 633 soloen-

175 677 246 738 tes:
272 675 394 755 frustra
421 675 644 739 calumniantes
671 697 738 739 non
765 674 871 740 solum
898 681 1071 758 propterea
1098 675 1234 759 insignis
1263 677 1321 759 est,

177 780 264 863 quod
286 780 493 864 participium
517 781 646 845 aliunde
669 803 734 846 non
765 781 932 865 cognitum
956 783 1110 865 servavit,
1139 781 1195 845 sed
1223 784 1321 845 etiam

141 915 142 918 ¹
176 885 260 970 quod
290 888 463 952 calumniae
489 889 577 953 noeis
607 889 764 972 originem
786 909 852 951 non
875 888 960 952 male
984 889 1137 953 illustrat.
1182 887 1322 952 Restant

130 1059 138 1083 '
176 990 257 1055 duae
299 992 428 1076 glossae
469 1018 535 1060 non
576 995 682 1060 minus
724 995 965 1078 memorabiles,
1006 995 1122 1080 quibus
1164 995 1322 1060 refutatur

176 1097 338 1184 Klotzius,
367 1101 401 1168 in
428 1101 531 1166 lexico
554 1101 571 1165 Ι
593 1125 623 1186 p.
644 1102 735 1165 7441)
759 1100 839 1164 haee
864 1100 1019 1166 scribens:
1058 1101 1167 1186 ‘colom
1191 1102 1238 1166 ire
1261 1153 1321 1168 ...

175 1204 246 1268 eine
270 1228 333 1270 von
362 1206 424 1270 den
447 1205 708 1270 Grammatikern
737 1227 1037 1292 angenommene
1060 1206 1243 1272 Wortform
1266 1231 1321 1273 zur

174 1310 363 1397 Erkl'drung
380 1335 445 1377 von
463 1313 572 1395 colom,
595 1310 729 1398 carvin?
762 1312 873 1377 Habes
893 1314 978 1377 enim
1003 1315 1125 1379 calvo:
1149 1315 1264 1396 deripio
1287 1315 1322 1379 in

176 1416 334 1500 glossario
359 1418 544 1484 Salomonis
569 1424 601 1483 et
629 1421 714 1484 inter
738 1420 864 1503 glossas
888 1419 1045 1484 Arabicas
1070 1417 1192 1505 (solio),
1224 1423 1321 1505 atque

174 1526 354 1591 colueris:
371 1527 543 1606 frustratam
559 1527 657 1607 fueris
664 1524 689 1611 2)
709 1527 743 1590 in
763 1527 870 1591 oodioe
884 1525 1045 1591 Vaticano
1061 1529 1146 1592 3321
1162 1528 1185 1591 f.
1202 1528 1263 1592 19v
1278 1559 1320 1580 =

175 1629 243 1694 Mai
257 1630 306 1695 VI
324 1655 354 1715 p.
369 1632 467 1696 5132..
506 1631 648 1708 Quarum
672 1633 809 1696 alteram
833 1633 966 1716 optimis
991 1634 1109 1717 glossis
1134 1633 1322 1699 adnumera-

176 1737 292 1820 verim,
318 1741 433 1820 utpote
457 1738 625 1803 docentem
648 1743 775 1822 tempus
799 1739 978 1822 perfeetum
1003 1740 1089 1825 quod
1112 1746 1163 1805 est
1185 1742 1265 1805 colui
1287 1761 1321 1803 re

176 1865 252 1907 vera
276 1844 438 1908 exstitisse
466 1848 616 1928 reeteque
644 1867 677 1908 se
701 1844 821 1909 habere
843 1843 1004 1908 Prisciani
1034 1850 1255 1928 praeceptum,
1286 1849 1323 1909 ut

175 1972 261 2015 nuno
284 1949 428 2014 videmus
453 1973 492 2014 ex
515 1951 740 2036 antiquissima
764 1951 877 2036 lingua
900 1951 1082 2015 derivatum
1104 1951 1179 2016 hoo:
1205 1951 1251 2015 ‘in
1273 1973 1322 2036 un,

175 2077 197 2119 a
216 2055 287 2120 looo
312 2058 519 2122 consonantis
543 2059 665 2142 posita,
688 2059 723 2121 in
746 2059 757 2123 l
776 2059 904 2142 quidem
927 2058 1092 2122 desinente
1115 2059 1322 2142 paenultima,

148 2183 193 2225 ,ο
218 2167 396 2226 extremam
418 2163 454 2227 in
477 2165 490 2227 i
511 2168 704 2229 convertunt
728 2168 760 2228 εὴ
783 2163 907 2228 faciunt
930 2164 1156 2248 praeteritum,
1179 2168 1216 2228 ut
1237 2165 1322 2230 soluo

176 2269 269 2353 solui,
292 2271 380 2334 noluo
402 2271 498 2354 uolut,
521 2273 626 2341 caluo
649 2270 774 2337 oolui'.

620 2394 876 2460 ADMENTVM

266 2503 435 2566 Amandum
449 2503 657 2588 vocabulum,
680 2526 744 2588 quo
762 2505 867 2568 lorum
886 2502 1023 2567 iaciendi
1043 2525 1140 2568 eausa
1159 2501 1199 2566 ad
1217 2502 1323 2567 iacula

178 2611 291 2691 aptum
315 2609 530 2694 significatur,
559 2631 670 2674 omnes
694 2613 852 2693 quantum
876 2609 942 2673 seio
968 2610 1023 2694 qui
1045 2610 1080 2673 in
1102 2609 1187 2672 hano
1210 2631 1323 2674 vooem

177 2715 415 2799 inquisiverunt
438 2715 479 2779 ab
503 2736 544 2796 op
566 2714 673 2778 radiae
697 2752 739 2761 —
764 2716 803 2781 cf.
823 2722 941 2800 cip-tus,
964 2721 1097 2798 aptore,
1121 2716 1161 2779 al.
1183 2751 1221 2760 —-
1243 2715 1324 2779 deri-

177 2822 317 2886 vandam
336 2844 405 2886 esse
425 2822 488 2886 sibi
511 2826 741 2904 persuaserunt
759 2823 820 2907 ita,
844 2825 879 2886 ut
898 2827 1053 2886 aaaron
1068 2843 1106 2885 ex
1120 2820 1139 2855 a
1147 2828 1324 2904 opimentum

177 2927 266 2991 haud
290 2928 384 2993 aliter
402 2930 516 2991 natum
539 2930 693 3011 putarent
714 2931 811 3011 atque
834 2932 1023 3010 numentum,
1046 2930 1209 2991 vetustam
1232 2929 1324 2991 illam

178 3056 290 3098 nocem
327 3031 576 3120 augurialem3),
613 3056 651 3098 ex
687 3031 910 3116 *ruminatum
949 3032 1034 3118 (vide
1066 3032 1197 3097 Festum
1231 3032 1323 3096 Pauli

179 3164 209 3224 p.
230 3140 308 3224 271,
328 3141 364 3204 7:
396 3146 622 3206 rumentum:
650 3139 820 3228 obruptmb
853 3142 942 3206 velut
970 3139 1170 3204 Reinholdus
1194 3136 1323 3224 Klotz4)

178 3249 212 3312 in
230 3247 348 3336 Lexioo
368 3247 385 3311 Ι
407 3271 438 3332 p.
458 3248 549 3313 3531>
574 3251 671 3333 atque
696 3246 874 3314 Oorssenus
895 3247 1072 3313 ‘Kritisohe
1086 3245 1270 3333 Beitraege'
1293 3270 1324 3330 p.

178 3357 242 3420 267
252 3377 299 3440 sq.
323 3360 356 3419 et
380 3354 610 3440 ‘Ausspraohe'
629 3354 660 3419 p
681 3380 712 3441 p.
734 3358 798 3421 114
821 3356 892 3422 ooll.
912 3358 991 3441 643,
1016 3379 1096 3442 quos
1121 3355 1265 3439 sequitur
1287 3357 1325 3418 ut
1402 3407 1409 3420 .

180 3462 263 3527 solet
290 3460 436 3528 Aloisius
465 3462 611 3528 Vanibek
643 3461 944 3549 ‘Etymologisohes
973 3461 1207 3528 Wbrterbuoh'
1242 3486 1271 3546 p.
1295 3462 1324 3526 9.

179 3568 287 3653 Atque
310 3591 344 3633 re
363 3591 441 3634 vera
459 3569 543 3633 nihil
567 3571 686 3634 certius
710 3571 767 3635 illo
792 3569 970 3654 veriloquio
995 3569 1228 3649 videturesse,
1252 3589 1325 3632 oum

180 3679 213 3739 et
236 3677 399 3739 sententia
418 3677 543 3758 optima
563 3676 698 3758 quadret
717 3681 750 3741 et
767 3681 944 3741 rumentum
967 3675 1055 3739 vocis
1081 3674 1260 3740 similitudo
1285 3674 1325 3738 ad

255 3887 274 3956 ¹)
295 3887 374 3941 Calvi
392 3885 523 3940 nimirum
542 3887 627 3941 etiam
644 3885 758 3955 passiva
776 3885 978 3954 significatione
997 3904 1048 3939 usu
1066 3887 1151 3941 venit.
1212 3945 1213 3950 .

254 3975 275 4046 ²)
294 3976 355 4029 Hao
374 3974 467 4044 glossa
482 3976 617 4045 Bergkius
634 3973 787 4043 ‘Beitrtge'
804 3993 830 4044 p.
847 3980 897 4028 140
917 3975 953 4028 ad
968 3974 1132 4029 Truculenti
1150 3991 1259 4030 versum
1278 3974 1325 4044 IV,

167 4073 206 4132 ’2,
221 4071 255 4119 49
273 4064 400 4119 inlibris
420 4063 459 4116 sio
476 4064 633 4133 proditum:
656 4068 720 4132 post
742 4063 773 4118 id
796 4079 842 4133 epo
861 4068 886 4117 te
903 4080 1015 4117 manum
1033 4065 1145 4118 initiam
1163 4065 1326 4132 quadrupns

182 4155 322 4222 beneficio,
344 4153 373 4206 in
396 4154 470 4208 huno
493 4154 607 4208 modum
632 4153 720 4207 utitur
738 4153 955 4207 emendandum:
979 4153 1043 4221 po'st
1060 4153 1131 4206 indu
1149 4167 1195 4222 epo
1213 4155 1326 4206 monum

181 4245 295 4312 ioniam,
313 4244 339 4296 si
357 4243 514 4312 culveris,
533 4245 663 4310 ventilon:
683 4242 882 4311 probabilitate
902 4241 926 4296 si
945 4241 1012 4310 quid
1030 4240 1113 4296 video
1131 4241 1217 4295 nulla.

255 4332 274 4402 Β)
295 4331 335 4387 Of.
354 4331 469 4386 Festum
487 4351 514 4401 p.
534 4337 609 4386 27οα
623 4337 665 4386 33.

254 4422 276 4492 ⁴)
295 4421 357 4476 Nisi
375 4422 450 4490 quod
469 4421 657 4492 *opimentum
675 4419 821 4489 pristinam
840 4421 915 4476 vocis
933 4421 1053 4476 formam
1071 4421 1157 4474 luisse
1176 4420 1284 4475 statuit.
