3192 5126
702 327 942 390 -4282-

339 485 448 550 (triensi
466 501 543 538 mora
561 485 630 550 urit,
653 490 745 538 tamor
764 501 849 554 supra
867 487 965 540 tricori
983 485 1101 554 scripto,
1124 485 1165 539 ita
1184 489 1280 540 tamen
1298 489 1330 541 ut
1348 497 1395 541 ex-

338 573 429 626 trema
452 590 467 627 r
490 572 585 626 littera
609 573 694 628 dubia
717 573 779 641 sim
803 575 913 644 glossae
937 575 1066 632 Turnobi.
1106 575 1160 642 Qui
1183 576 1274 630 fontes
1296 593 1395 631 omnes

339 662 449 716 animavi
468 661 611 728 exhibent,
631 662 704 729 quod
723 680 778 716 non
797 663 888 717 habeo
908 664 956 732 qui
975 662 1119 733 explicem.

510 755 742 836 opinatorem
761 773 771 818 :
790 757 1006 837 negotiatorem
1028 761 1113 821 arias

337 859 397 929 cod.
414 857 659 928 sangermanensis
678 859 831 927 (opinatore
845 861 997 929 nepotiotor
1011 863 1070 929 est);
1091 861 1151 915 uod.
1165 861 1317 916 Vossianus
1333 861 1393 914 Oct.

336 955 384 1015 243
412 948 471 1001 eod.
491 947 638 1001 Beruensis
658 955 691 1002 lo
711 947 729 1003 f.
750 955 824 1003 19¹a
842 951 995 1019 (opimatorc
1014 949 1067 1017 n.):
1092 956 1169 1004 actas
1192 949 1394 1019 proculdubio

339 1039 507 1106 corruptum.

249 1131 391 1205 Quarum
419 1130 603 1214 glossarum
630 1130 736 1213 prima
763 1133 892 1194 tantum
922 1131 1060 1196 obseura
1090 1134 1147 1196 est.
1193 1132 1395 1213 Enplioaaies

248 1238 355 1300 autem
379 1235 704 1320 interpretamentum
728 1237 874 1320 suspicor
896 1240 1082 1301 truncatum
1102 1260 1186 1330 esse:
1209 1260 1287 1302 num
1307 1238 1395 1302 forte

247 1343 408 1424 opinantes
431 1343 460 1406 ei
484 1345 561 1407 sunt
584 1343 638 1427 qui
662 1342 707 1407 ‘in
729 1343 838 1426 parvis
863 1343 992 1408 morati'
1016 1345 1214 1429 pusillasque
1238 1346 1393 1409 minutias

248 1449 401 1532 amplexi,
434 1470 549 1533 graves
578 1453 685 1514 autem
718 1472 769 1514 res
798 1451 914 1514 missas
942 1450 1099 1516 facientes
1128 1451 1250 1534 aliquid
1279 1451 1395 1534 ‘expli-

248 1555 357 1620 cant’?
389 1553 506 1620 Restat
524 1556 637 1640 quinta
656 1557 780 1641 glossa:
803 1559 1060 1640 apiaaoimas:
1077 1560 1257 1641 supervimus
1280 1555 1393 1643 (glosa.

248 1662 445 1747 Salomonis:
469 1664 537 1728 eod.
560 1663 733 1729 Bemensis
751 1665 791 1729 16
810 1665 944 1765 f319¹a3
968 1667 1036 1730 uod.
1051 1665 1231 1731 Vossianus
1251 1664 1320 1729 Oet.
1335 1666 1391 1750 243

247 1770 286 1834 of.
305 1771 456 1853 opimare:
473 1770 585 1853 saporo
598 1755 791 1858 vincentii),
815 1771 870 1835 ubi
889 1772 1076 1854 agitavimus
1094 1772 1317 1857 corrigendum
1334 1775 1394 1836 est

336 1879 386 1940 32.
424 1877 530 1941 Ranae
553 1878 635 1941 talos
655 1877 783 1962 glossae
802 1877 908 1961 qualis
927 1881 977 1941 est
995 1877 1117 1942 diruas
1140 1884 1268 1944 erosas
1283 1885 1394 1960 postas

226 1984 392 2074 ’dirimam
423 1981 506 2068 (eod.
534 1983 700 2048 Leidensis
724 1983 803 2048 67Ε
827 1983 848 2046 f.
871 1984 972 2048 18vb:
998 1989 1092 2066 poeta
1117 1982 1245 2071 dionei).
1291 1985 1393 2050 lteoto

248 2093 356 2154 autem
380 2090 564 2154 observavit
587 2089 852 2174 glossographus.

336 2199 387 2263 33.
432 2196 507 2262 Non
540 2197 644 2261 habeo
677 2198 761 2281 quod
795 2197 911 2261 addam
932 2191 1085 2262 ¹eiusdem
1118 2199 1237 2263 codicis
1260 2199 1282 2262 f.
1306 2199 1393 2270 lora

247 2303 374 2387 glossae
398 2304 561 2366 momordit
582 2303 721 2367 debemus
748 2304 858 2387 dicore,
886 2325 949 2368 noa
971 2306 1110 2369 morsit.
1155 2305 1267 2370 Placet
1290 2305 1391 2369 etiam
1461 2299 1466 2310 ⁴

246 2408 326 2473 haec
349 2409 468 2473 codicis
486 2407 715 2492 Amploniani²
734 2410 856 2475 inedita
879 2434 909 2495 p.
929 2412 1004 2494 380,
1018 2409 1131 2495 64265:
1154 2413 1390 2494 spospondit:

240 2517 398 2598 pollicitos
420 2521 464 2580 ast
485 2517 530 2580 oei
547 2517 710 2598 promissit
732 2514 894 2603 (sollicitas
918 2521 950 2582 et
967 2519 1125 2600 promittit
1147 2516 1238 2605 oud).
1346 2507 1348 2511 ¹

335 2624 387 2687 34.
433 2621 540 2688 Codex
568 2622 822 2707 Amploni'anus2
849 2647 879 2708 p.
903 2625 1027 2708 328,4
1059 2623 1226 2707 parvolam
1259 2624 1391 2690 exhibet

246 2731 391 2816 glossam
423 2746 467 2795 a:
491 2751 555 2814 epa,
592 2729 682 2794 ouius
719 2730 838 2793 lemma
874 2730 1003 2794 brevius
1037 2734 1088 2795 est
1120 2753 1215 2814 quam
1247 2732 1389 2815 planius:

245 2859 349 2920 neque
377 2840 487 2902 tamen
515 2835 681 2900 obscurius
705 2859 802 2920 quam
825 2837 911 2921 quod
936 2836 1089 2921 explicari
1112 2837 1226 2920 possit.
1258 2838 1390 2904 Etenim

532 2941 566 2994 ·i·
581 2957 627 3008 epo
642 2941 749 3008 paidom

246 2994 284 3035 ex
303 2971 365 3035 hae
384 2971 506 3056 glossa:
579 3013 700 3081 equidem

772 2970 889 3034 sciolus
910 2972 1018 3036 nesoio
1039 2971 1110 3055 quis
1130 2993 1247 3037 novam
1266 2971 1391 3037 hauriri

247 3152 342 3213 posse
357 3132 495 3214 putabat
513 3131 626 3196 talem:
645 3103 733 3226 'i'JW
748 3161 790 3183 =
805 3152 820 3195 a
834 3148 844 3195 ι
858 3152 918 3218 epo.
955 3131 1043 3208 Quae
1063 3132 1193 3216 quidem
1208 3132 1390 3216 explicandi

246 3263 329 3327 ratio
359 3287 431 3328 oum
458 3286 516 3348 per
547 3287 581 3328 se
604 3265 783 3348 probabilis
812 3267 873 3348 est,
901 3268 970 3328 tum
998 3247 1072 3329 inde
1095 3288 1161 3330 non
1183 3267 1390 3332 mediocriter

248 3359 458 3434 confirmatur
479 3371 564 3454 quod
591 3392 625 3434 re
653 3393 730 3435 vera
757 3370 838 3435 illud
860 3374 1015 3452 oppidem:
1039 3394 1090 3455 opo
1113 3374 1235 3454 quidem
1262 3374 1388 3438 codices

246 3475 502 3560 Amplonianus2
529 3477 611 3541 ined.
639 3500 669 3561 p.
693 3479 771 3561 328,
796 3478 915 3563 3vs38,
947 3479 1113 3544 Leidensis
1137 3479 1217 3545 6OE
1241 3480 1264 3544 f.
1287 3482 1389 3566 alvb,

246 3584 301 3647 alii
326 3589 505 3650 servarunt.
705 3670 706 3675 η

273 3709 280 3722 “
335 3690 386 3757 35.
427 3690 610 3756 Verborum
647 3714 720 3756 oum
756 3693 1049 3776 praepositionibus
1083 3695 1335 3778 compositorum
1368 3719 1389 3760 a

246 3797 374 3862 vocales
398 3797 510 3882 lingua
531 3798 697 3863 tralaticia
719 3799 754 3864 in
776 3801 789 3864 i
812 3804 925 3864 mutat.
961 3800 1061 3865 Velut
1079 3801 1179 3866 habes
1195 3803 1279 3882 sario
1297 3804 1389 3866 iater-

244 3905 326 3985 (ioim
353 3904 462 3969 babere
484 3905 628 3985 cohibere,
659 3907 728 3970 sim.
774 3907 860 3984 Quas
891 3909 1013 3973 formas
1045 3931 1112 3972 non
1145 3909 1388 3992 antiquissimas

134 4005 136 4010 ’
244 4012 343 4076 fuisse
367 4015 508 4077 constat:
533 4016 704 4097 antequam
728 4013 813 4077 enim
835 4015 1026 4098 ievaderet,
1049 4037 1071 4079 a
1093 4015 1234 4101 viguisse
1258 4018 1389 4081 vetusta

244 4119 359 4202 lingua
382 4119 484 4183 docet.
531 4118 582 4184 Sic
605 4120 739 4184 Plautus
762 4123 908 4204 sarmipio
932 4121 1154 4207 similibusque
1178 4124 1285 4188 verbis
1309 4147 1388 4188 usus

245 4229 303 4290 est.
343 4224 392 4289 De
416 4225 537 4289 eisdem
560 4248 600 4291 ne
623 4227 804 4311 glossarum
828 4227 956 4311 quidem
978 4228 1148 4292 thesauros
1172 4229 1293 4294 frustra
1316 4253 1386 4314 per-

246 4335 435 4397 scrutamur.
467 4331 577 4397 Laioro
596 4331 661 4420 (vel
679 4333 788 4416 potius
809 4331 960 4420 latescere)
985 4336 1082 4400 verbo
1104 4358 1176 4400 oum
1194 4337 1230 4400 de
1250 4358 1387 4419 praepo·

246 4437 364 4501 sitione
388 4438 568 4520 composito
596 4442 706 4503 natum
736 4443 786 4503 ost
812 4441 988 4506 delaiesoore
1014 4444 1097 4506 teste
1127 4441 1238 4526 glossa
1265 4442 1387 4509 codicis
