3222 5122
717 331 1102 396 -330--·

248 491 353 576 ·quod
376 493 453 556 novi
477 492 659 576 glossarum
688 491 812 556 codices
838 515 923 557 nova
952 491 1086 558 scholia
1101 478 1215 578 procul
1238 493 1336 558 dubio
1360 517 1410 558 ex-

266 594 438 682 hibebunt,
468 599 517 663 ita
543 601 580 663 ut
607 599 666 663 has
695 599 900 683 quaestiones
928 621 1001 671 non.
1022 599 1062 663 ad
1090 599 1187 666 finem
1214 600 1411 685 perduxisse,

267 706 323 769 sed
349 728 460 770 earum
484 705 577 790 quasi
601 705 810 771 fundamenta
838 706 952 770 iecisse
975 706 1069 771 nobis
1092 706 1267 774 videamur.
1312 707 1411 772 Addi-

253 811 372 876 ‘dimus
393 815 502 877 autem
521 815 557 876 ut
576 812 821 897 appendiculam
845 811 1190 878 adnotatiunculae
1214 835 1281 879 non
1303 813 1410 879 nullas

265 917 305 994 ad
328 940 439 982 versus
462 917 648 985 Lucilianos
671 919 983 1004 glossematicas.

356 1062 382 1124 1.
419 1060 650 1146 Fragmentum
683 1083 700 1124 e
728 1061 820 1126 libris
852 1061 983 1126 incertis
1012 1060 1146 1126 CXLIII
1175 1085 1203 1127 v.
1229 1063 1291 1127 177
1326 1064 1431 1147 apud‘

266 1165 457 1232 Muellerum
475 1191 505 1251 p.
523 1168 585 1233 158
605 1169 667 1232 hoc
682 1171 744 1231 est:
768 1167 961 1251 ‘Tappulam
976 1167 1083 1232 rident
1100 1168 1206 1254 legem
1225 1192 1410 1236 concerae

266 1272 402 1356 optimi’‚
434 1275 492 1338 ubi
523 1296 642 1340 comere
668 1275 758 1339 Festi
785 1297 824 1359 p.
840 1275 932 1340 essa
954 1274 998 1339 20
1029 1275 1138 1341 codex.
1185 1276 1276 1352 Quod
1307 1277 1336 1342 si
1365 1278 1410 1342 in-
1486 1304 1489 1310 ¹

265 1382 388 1444 tactum
417 1380 640 1480 relinquimus,
667 1403 808 1447 conanae
835 1381 922 1446 idem
944 1382 1011 1446 fere
1034 1380 1198 1468 significat
1221 1386 1319 1466 atque
1340 1406 1409 1449 aaa·

260 1507 416 1571 perennes,
439 1507 455 1550 e
477 1510 536 1570 pro
558 1510 579 1570 p
602 1488 714 1553 littera
743 1510 759 1552 e
783 1488 890 1572 prisco
920 1488 1079 1553 scribendi
1107 1513 1168 1554 usu
1198 1494 1327 1554 servata
1355 1488 1408 1576 (cf.

263 1591 396 1657 Festum
411 1592 505 1658 Pauli
524 1618 554 1678 p.
570 1596 622 1679 40,
637 1597 671 1661 6:
695 1617 863 1662 eerraaes
887 1597 962 1662 leues
985 1602 1014 1661 et
1035 1594 1225 1683 inepti...)
1249 1601 1281 1661 et
1303 1619 1321 1661 r
1343 1621 1409 1664 non

228 1713 242 1726 ··
263 1698 437 1782 geminata.
483 1699 528 1765 At
558 1703 659 1767 multo
692 1703 870 1786 simplicius
903 1726 962 1788 pro
993 1724 1112 1769 macera
1142 1703 1251 1788 potius
1284 1725 1410 1770 aeneeae

263 1804 294 1868 h.
317 1827 343 1868 e.
366 1826 511 1872 eoaemae
534 1797 672 1873 scribere
696 1809 776 1874 mihi
799 1808 911 1874 videor
934 1809 1014 1875 duce
1037 1810 1216 1876 Philoxeno
1240 1833 1271 1895 p.
1290 1812 1348 1895 44,
1364 1813 1407 1877 48

158 1981 161 1986 ,
262 1932 485 1978 eoleeaeaae:
520 1916 714 1995 (ύνδειπνοι,
746 1916 801 1980 ubi
834 1915 1000 1981 lemmatis
1033 1918 1153 1981 malam
1186 1917 1408 1998 bptorpcrptav

264 2019 398 2085 emenda
428 2017 586 2105 Gyrillum
614 2045 645 2106 p.
669 2023 743 2105 622,
762 2023 805 2086 23
838 2022 1046 2088 (ύνδειπνοει
1078 2024 1216 2103 canava,
1248 2045 1408 2090 eoaceaa

263 2129 402 2192 secutus.
536 2143 543 2148 '

351 2270 381 2335 2.
413 2268 558 2336 Lucilius
582 2270 638 2354 VI,
658 2272 699 2336 28
724 2270 768 2358 (p.
787 2269 860 2356 34):

423 2375 572 2441 Zonatim
595 2377 716 2441 circum
739 2376 920 2460 inpluvium
944 2375 1017 2441 cini’
1039 2378 1123 2442 raru'
1147 2379 1270 2446 fluebat

262 2501 326 2565 Pro
350 2501 421 2566 elat’
440 2501 527 2566 rara’
545 2502 659 2584 fluebat
679 2500 712 2566 N
714 2501 782 2565 onii
800 2499 876 2564 libri
895 2501 1045 2568 damaris
1063 2502 1206 2568 eludebat.
1239 2503 1306 2569 Ubi
1330 2505 1406 2589 quid

262 2628 322 2688 pro
346 2607 484 2672 eludebat
506 2606 710 2671 scribendum
734 2607 776 2671 sit
796 2607 905 2671 nescio
930 2644 968 2654 -
986 2629 1090 2692 nequa
1109 2608 1196 2672 enim
1209 2609 1245 2674 L.
1259 2609 1406 2676 Muelleri

261 2713 376 2794 fluebat
402 2713 482 2778 satis
511 2713 641 2778 evidens
670 2716 720 2777 est
749 2713 934 2778 coniectura
959 2750 1014 2797 —,
1049 2715 1083 2777 in
1115 2715 1265 2780 manans
1298 2721 1406 2781 autem

262 2822 347 2885 einer
369 2822 466 2888 arelas
488 2820 589 2884 latere
613 2820 766 2905 suspicor.
797 2818 890 2885 Cinea
911 2820 1147 2886 nominativum
1171 2825 1204 2886 et
1220 2822 1407 2889 Priscianus

260 2930 401 2991 testatur
424 2929 457 2991 et
479 2927 608 3012 glossae
632 2926 724 2991 haec:

625 3073 628 3080 ·
704 3053 959 3133 cleers-favilla

350 3157 409 3212 cod.
434 3141 650 3226 Amplonianust
672 3174 699 3224 p.
719 3161 781 3224 292,
796 3162 847 3211 106
870 3157 967 3224 (cineri
981 3157 1088 3226 'codem
1115 3159 1212 3214 contra
1233 3160 1406 3217 terminatio-

350 3263 416 3298 num
436 3247 542 3300 certam
563 3245 678 3315 legem);
705 3243 893 3313 fragmentum
916 3244 1048 3315 Deycksii
1065 3264 1093 3315 p.
1115 3246 1179 3302 rab.
1216 3247 1345 3302 Ceterum
1363 3251 1406 3317 sa·

351 3335 419 3389 balla
436 3335 553 3403 uterque
572 3334 641 3389 fons.

656 3442 762 3508 κόνιεε
786 3443 877 3524 alala
901 3443 1001 3508 ciaer

350 3546 469 3618 Gyrillus
488 3565 515 3617 p.
536 3553 596 3614 619,
611 3553 654 3602 49.

197 3744 203 3750 ι
260 3654 379 3720 Forma
398 3659 507 3720 autem
526 3677 607 3744 quae
622 3655 672 3720 est
685 3657 782 3721 arelas
800 3678 859 3741 pro
874 3657 984 3722 aridas
997 3656 1140 3723 Lucilius
1156 3659 1255 3723 etiam
1269 3659 1404 3745 XXVII,

260 3763 304 3827 40
327 3764 470 3847 ardum,
492 3763 652 3846 meacm,
675 3766 780 3826 abela
877 3785 954 3827 usus
978 3765 1036 3827 est.

346 3904 376 3968 3.
406 3903 446 3968 In
464 3903 568 3969 Lucili
587 3887 677 3986 XIII,
694 3905 732 3968 11
758 3925 853 3969 versu
877 3901 1106 3989 ‘iucundaeque
1129 3928 1209 3991 puer
1232 3907 1288 3990 qui
1310 3907 1404 3974 lam-

261 4011 371 4075 berat
403 4033 457 4075 ore
490 4008 669 4095 placentas'
697 4006 882 4076 Priscianus
915 4012 1065 4078 lamberet
1092 4017 1129 4079 ut
1159 4015 1402 4101 plusquamper-

259 4116 380 4182 fectum
400 4119 531 4184 lambere
551 4117 642 4182 verbi
665 4117 908 4203 interpretatur.
939 4117 1141 4206 Cogitaverit
1158 4122 1297 4188 fortasse
1317 4124 1402 4209 quis-

259 4222 348 4306 piam
378 4222 452 4288 aliis
480 4223 619 4289 formam
647 4223 736 4289 illam
764 4225 875 4310 potius
898 4247 1051 4310 praesens
1079 4231 1207 4312 tempus
1236 4229 1403 4296 bamberare

259 4328 350 4393 verbi
373 4329 476 4395 visam
500 4352 583 4416 esse,
607 4331 726 4397 collata
749 4331 844 4398 Pauli
865 4356 896 4417 p.
917 4334 1046 4415 118,10
1070 4334 1182 4419 glossa
1206 4335 1400 4403 lamberet:

259 4435 373 4501 scabit
386 4455 430 4516 ,ac
453 4435 561 4502 bremt.
