3178 5122
710 301 928 364 ..70-

245 463 351 526 armis.
397 459 483 525 Nam
515 461 625 546 glossa
651 460 709 524 illa
741 461 844 544 petita
876 463 927 525 cst
955 481 993 524 ex
1022 459 1168 524 Osberno
1191 483 1222 544 p.
1237 460 1289 523 Χ64
1318 460 1390 524 aaa

245 570 418 651 beddurepa,
441 589 477 632 ce
495 569 523 630 c'·
542 569 695 649 quoddam
710 588 806 650 peuces
826 567 969 632 ludorum
992 589 1069 631 curm
1092 568 1253 631 armatis
1274 566 1389 631 homi·
1506 618 1513 628 .

245 676 355 739 nibus
371 675 512 755 focium
530 674 601 738 coll.
615 697 646 758 p.
663 673 730 738 757)
754 675 933 757 bellierepu:
958 675 1025 739 ludi
1037 675 1155 736 ornati
1168 695 1277 756 yacus,
1301 673 1390 738 ouius

246 780 414 866 nugatoris
438 781 537 844 verba
560 802 632 844 cum
656 802 673 844 e
691 779 790 844 Festo
808 778 903 845 Pauli
926 781 946 843 l.
966 803 990 844 s.
1009 802 1033 844 s.
1057 779 1201 844 derivata
1224 779 1302 857 sint,
1324 801 1391 843 non

247 888 387 970 amplius
420 910 458 950 ea
490 886 685 952 curabimus.
726 885 865 970 Propria
897 890 947 950 est
977 907 1080 970 neque
1113 907 1129 948 e
1158 883 1256 949 Festo
1288 884 1392 968 petita

247 995 359 1079 glossa
390 992 457 1058 Mai
484 993 532 1059 VI
558 1015 589 1076 p.
613 993 718 1057 falla:
758 993 936 1075 bellicaepo:
968 994 1105 1071 saltatio,
1137 1013 1231 1074 quara
1262 992 1392 1056 dicimus

242 1100 419 1184 pyrrhicio.

554 1260 710 1325 Belluus:
734 1260 878 1325 moribus
903 1261 1082 1325 bestiarum

337 1403 522 1468 Admodum
546 1404 689 1468 difficilis
713 1403 792 1468 haec
815 1404 997 1489 glossator
1020 1400 1223 1488 aScalig'ero
1243 1403 1394 1484 excerpta

249 1514 312 1573 est:
330 1533 361 1593 p.
377 1509 504 1593 672,15
523 1510 609 1574 sicut
623 1533 720 1594 supra
736 1533 807 1575 eam
823 1512 1024 1595 scripsimus3
1043 1533 1074 1594 p.
1092 1509 1217 1588 671,17
1233 1508 1392 1574 delusam:

248 1638 367 1682 moraris
395 1617 560 1680 bestiarum
588 1639 626 1680 ex
655 1617 722 1681 cod.
746 1615 897 1681 Leidensi
920 1617 999 1680 67Ε
1026 1616 1049 1680 f.
1076 1617 1173 1701 lO'a3
1207 1640 1237 1700 p.
1261 1617 1335 1698 671,
1350 1616 1394 1680 20

248 1725 369 1789 tilam:
393 1725 529 1788 moribus
551 1725 718 1790 bestiarum
741 1747 779 1788 ex
803 1725 915 1788 eodem
938 1724 960 1788 f.
977 1724 1078 1806 lOVb,
1100 1723 1149 1787 ita
1171 1726 1208 1786 ut
1225 1721 1392 1786 Leidensis

249 1852 382 1913 prorsus
401 1830 584 1895 consentiat
602 1853 674 1894 cum
690 1829 906 1914 Scaligerano.
931 1830 1017 1906 Quas
1033 1829 1159 1914 quidem
1177 1832 1245 1892 tres
1264 1829 1392 1914 glossas

250 1937 290 2000 ad
323 1959 420 2001 unam
454 1937 650 2020 eandemque
682 1937 786 2001 redire
818 1937 873 2020 qui
905 1958 971 2001 non
1004 1935 1142 1999 caecutit
1170 1934 1267 1999 facile
1297 1933 1394 1997 videt.

249 2043 405 2108 Eiusdem
434 2043 562 2129 glossae
590 2044 716 2128 reliqua
743 2044 901 2110 memoria
928 2044 1008 2107 haec
1037 2046 1099 2106 est:
1129 2042 1248 2106 muas:
1272 2041 1395 2105 morbus

250 2153 415 2216 bestiarum
438 2151 472 2214 in
495 2151 593 2236 gloss.
620 2149 818 2234 Salomonis3
846 2138 969 2215 delude:
993 2150 1117 2215 morbus
1138 2149 1304 2214 baliarum
1327 2147 1395 2211 cod.

250 2255 374 2340 Ampl.2
388 2282 417 2341 p.
433 2258 507 2340 278,
522 2258 577 2339 243
601 2257 733 2321 beticus:
757 2259 923 2322 bestiarum
945 2258 1068 2322 morbus
1091 2257 1158 2322 cod.
1172 2255 1395 2320 laudunensis

251 2365 317 2427 445
337 2385 418 2427 saec.
432 2362 533 2446 IXJX.
569 2362 614 2427 Et
637 2385 763 2428 morsus
783 2367 816 2427 et
834 2365 966 2428 morbus
989 2363 1139 2428 bestialis
1161 2362 1238 2426 hinc
1256 2361 1396 2425 alienus:

251 2492 363 2534 verum
387 2491 458 2532 esse
481 2468 620 2549 videtur,
647 2470 731 2553 quod
754 2469 979 2553 inscripsimus
1003 2467 1170 2555 belluas¹):
1193 2469 1329 2534 mambae
1352 2468 1396 2532 be-

251 2577 397 2658 stiarum,
420 2575 453 2638 id
477 2575 562 2657 quod
586 2580 660 2639 ante
679 2598 730 2638 me
748 2576 815 2640 iam
834 2577 893 2640 alii
911 2577 1069 2641 viderunt.
1100 2575 1147 2641 Ut
1166 2579 1275 2639 autem
1291 2574 1396 2639 dicam

253 2682 337 2767 quod
371 2681 490 2765 sentio,
526 2704 641 2765 parum
673 2683 781 2764 placet
812 2683 948 2746 mordbccs
980 2682 1108 2747 dativus
1140 2683 1224 2746 nude
1257 2682 1396 2767 positus:

252 2792 435 2854 truncatam
469 2809 537 2851 esse
571 2792 649 2871 puto
679 2788 823 2872 glossam
855 2791 889 2851 et
920 2788 965 2852 sic
996 2789 1081 2852 forte
1114 2787 1397 2872 redintegrandam

252 2897 388 2961 bellacis:
413 2896 548 2960 moribus
563 2896 728 2959 bestiarum
741 2895 862 2959 similis.
890 2893 936 2958 Ut
951 2895 1037 2958 enim
1051 2896 1212 2979 bela-inae,
1227 2891 1397 2979 ceca-asa,

253 3004 406 3084 bela-olis,
430 3002 572 3080 bela-dis,
596 3002 747 3068 tela-osus
766 3002 912 3066 derivata
930 3003 1135 3087 exstiterunt,
1158 3003 1203 3067 sic
1222 3025 1261 3067 ne
1281 3003 1397 3068 bela-as

254 3110 382 3194 quidem
406 3108 520 3190 defuit,
545 3108 629 3190 quod
652 3112 781 3192 praeter
804 3108 948 3192 glossam
971 3107 1009 3170 de
1029 3130 1093 3191 qua
1111 3109 1237 3192 agimus
1253 3104 1396 3190 Gyrillus

252 3241 283 3302 p.
306 3216 443 3300 491,13
473 3213 604 3278 exhibet
636 3214 813 3294 θηριώδηετ
844 3215 982 3298 helarus,
1010 3213 1129 3292 efferas.
1174 3213 1272 3278 Haud
1303 3213 1398 3278 aliter

254 3328 363 3388 autem
381 3322 492 3386 bestias
507 3320 633 3385 abactio
651 3320 827 3385 formatum
845 3322 959 3404 habes,
982 3343 1045 3406 qua
1064 3320 1193 3404 quidem
1211 3342 1289 3385 voce
1305 3318 1397 3385 Com-

254 3431 423 3495 modianus
456 3451 532 3492 usus
566 3431 619 3507 cst,
646 3427 718 3491 loco
752 3429 837 3511 apud
865 3427 1038 3492 Graevium
1066 3421 1096 3511 p.
1120 3428 1166 3492 9a
1199 3429 1336 3492 excitato
1365 3431 1398 3491 et

255 3539 419 3603 Osbernus
442 3559 473 3619 p.
493 3534 576 3599 aab:
600 3535 758 3598 bestias:
782 3535 925 3618 crudelis,
949 3535 1145 3599 truculentas.

314 3768 451 3832 Belues:
476 3770 619 3850 egestas,
643 3766 720 3850 quia
743 3769 826 3833 solet
849 3767 1012 3851 adtingere
1035 3788 1093 3850 per
1115 3768 1332 3831 vastationem

346 3927 490 4012 Scaliger
509 3950 539 4009 p.
559 3927 633 4010 670,
648 3927 704 3990 24:
729 3927 812 3990 male
832 3926 1011 3992 Vulcanius
1033 3930 1108 4010 qaia
1130 3950 1189 4012 pro
1212 3948 1298 4011 quac,
1322 3926 1398 3990 sori-

255 4040 351 4121 ptura
379 4033 594 4120 Scaligerana.
641 4032 799 4096 Arevalus
828 4033 880 4096 vel
908 4056 927 4096 a
950 4034 1023 4098 bdlo
1052 4033 1104 4098 vel
1128 4055 1147 4096 a
1170 4032 1290 4116 belluis,
1322 4031 1400 4097 Bar-

256 4179 469 4190 ..-.—.-—-

331 4247 349 4314 ¹)
361 4246 463 4300 balivus
473 4242 575 4297 codicis
585 4241 778 4296 laudunensis
788 4241 925 4310 scriptura
934 4241 1005 4295 nihil
1016 4243 1059 4296 est
1069 4241 1122 4294 nisi
1133 4243 1237 4296 beliade
1245 4267 1278 4287 =
1288 4243 1399 4296 belluas.

331 4335 350 4404 ²)
369 4335 429 4388 Hoc
447 4333 539 4400 ipsum
558 4331 663 4384 delatas
681 4347 731 4399 pro
748 4331 853 4384 belluas
871 4330 1064 4399 corrigendum
1083 4332 1222 4401 putabant
1236 4331 1399 4387 Gebhardus

257 4422 393 4492 Crepund.
412 4420 494 4488 11,12
515 4420 544 4472 et
561 4418 767 4473 Hildebrandus
785 4437 812 4487 p.
828 4425 909 4473 162a.
