3216 5126
671 305 889 367 ..97-

206 462 307 527 fuisse
322 460 480 527 Graecum
500 466 533 526 et
552 463 708 527 sermonis
731 463 824 527 latini
844 485 911 543 non
928 461 1024 526 nimis
1044 482 1190 545 gnarum,
1214 461 1269 546 qui
1283 459 1351 524 Pri·

208 570 308 634 sciani
331 570 399 633 fere
417 573 523 634 aetate
546 569 627 635 haec
647 569 824 654 collegerit.
857 568 1059 653 Quamquam
1077 591 1144 632 non
1161 588 1245 652 nego
1267 566 1352 630 hanc

207 698 276 740 esse
296 677 514 741 coniecturam
532 679 674 758 tantum,
695 699 762 741 non
779 675 1029 760 improbabilem
1047 680 1171 758 tamen,
1193 674 1228 738 ni
1247 673 1351 738 fallor.

295 781 351 846 IV.
387 782 446 846 Eis
480 803 561 866 quae
594 805 691 865 supra
723 783 930 866 exposuimus
962 783 1058 848 facile
1091 781 1252 865 quispiam
1285 805 1351 847 mo-

207 894 322 956 veatur
344 893 380 953 ut
410 887 605 972 glossarium
634 887 714 951 adeo
743 894 931 972 corruptum
959 890 1210 974 vulgaribusque
1238 887 1352 954 formis

208 998 360 1063 obrutum
382 998 433 1060 tot
455 994 563 1058 verbis
586 995 755 1079 indignum
783 1017 853 1059 esse
881 999 1019 1062 censeat.
1055 994 1171 1080 Atqui,
1200 995 1227 1060 si
1254 1033 1290 1040 —
1317 999 1354 1059 ut

207 1127 307 1168 unum
331 1102 512 1186 exemplum
534 1124 684 1185 promam
710 1139 747 1150 -—
772 1102 927 1167 lemmata
955 1103 1014 1167 illa
1036 1103 1109 1186 plus
1133 1124 1232 1186 quam
1254 1124 1353 1166 unum

208 1211 402 1276 vocabulum
430 1207 616 1273 exhibentia
643 1208 853 1293 percurreris,
882 1232 947 1275 non
975 1209 1085 1272 deesse
1115 1208 1352 1274 animadvertes

208 1319 288 1383 satis
312 1314 548 1398 memorabilia,
570 1315 691 1399 partim
708 1338 746 1380 ex
763 1315 906 1379 iudiciali
930 1338 1076 1381 sermone
1100 1314 1154 1402 (cf.
1168 1339 1199 1400 p.
1215 1317 1266 1400 78,
1277 1315 1353 1379 403.

207 1424 282 1489 404.
295 1423 376 1506 406,
396 1422 447 1506 35,
464 1421 516 1486 54.
531 1421 587 1505 55,
610 1423 662 1506 92,
677 1423 733 1505 343
760 1424 833 1507 146,
850 1424 925 1508 1993
951 1423 1024 1508 151,
1038 1424 1116 1509 2933
1143 1423 1216 1508 160,
1230 1424 1281 1488 37.
1296 1419 1353 1508 38)

208 1531 326 1615 partim
354 1551 371 1592 e
399 1529 537 1593 vetustis
570 1532 607 1593 ut
638 1529 766 1594 videtur
797 1531 901 1614 poetis
934 1531 1044 1615 pet'ta
1090 1527 1140 1594 Of.
1163 1529 1243 1594 haec
1272 1551 1354 1614 quae

210 1637 443 1720 excerpsimus:

252 1784 283 1846 p.
307 1762 337 1846 3,
351 1762 392 1826 29
492 1759 597 1826 Acrae
621 1763 758 1827 mentis:
783 1747 913 1828 validae
933 1764 1063 1828 mentis

253 1893 283 1953 p.
306 1869 358 1952 45,
372 1866 468 1952 37138
493 1864 607 1951 Capite
632 1870 802 1934 absoluto:
826 1869 941 1953 capitis
964 1870 1107 1953 periculo
1130 1869 1286 1934 liberatus

254 1998 284 2059 p.
308 1977 339 2060 6,
354 1977 396 2040 70
494 1973 596 2040 Albas
620 1979 789 2060 gerentes:
814 1975 984 2041 candidam
1007 1978 1131 2040 vestem
1155 1975 1266 2040 amiati

253 2105 283 2166 p.
309 2083 381 2166 117,
396 2083 462 2146 390
493 2080 600 2158 Ducto
625 2082 789 2166 auspicio:
819 2103 857 2146 ex
881 2082 989 2146 divina
1015 2081 1238 2166 requisitione,
1269 2082 1354 2166 quod

552 2192 662 2273 potest
686 2189 759 2254 duci
782 2189 835 2252 vel
857 2188 1000 2253 nuntiari

254 2318 284 2379 p.
311 2294 463 2379 145,180
494 2295 602 2360 Flocci
629 2295 793 2380 pendens:
824 2295 917 2379 parvi
943 2295 1100 2380 pendens,
1127 2295 1161 2359 id
1185 2299 1236 2360 est
1262 2297 1355 2380 parvi

552 2403 727 2468 aestimans

255 2532 286 2593 p.
310 2510 362 2593 79,
374 2509 440 2573 426
493 2506 644 2574 Convexo
666 2509 783 2574 litore:
807 2508 946 2574 rotundo

255 2640 285 2701 p.
308 2616 462 2701 270,120
495 2614 558 2681 Sed
579 2639 620 2680 ne
643 2616 796 2681 hiscatis:
819 2639 860 2681 ne
884 2616 999 2682 dicatis

254 2747 286 2808 p.
309 2723 383 2807 276,
397 2723 463 2787 304
495 2721 614 2787 Stricto
638 2724 799 2808 pugione:
825 2723 937 2788 stricto
961 2723 1070 2807 gladio

255 2854 286 2914 p.
309 2831 383 2914 267,
398 2829 439 2893 51
497 2827 593 2894 Savia
616 2830 774 2894 libantes:
798 2830 981 2894 osculantes
992 2828 1016 2916 ¹)

212 2953 273 3018 sed
304 2953 453 3038 pluribus
486 2954 708 3019 demonstrare
739 2976 807 3019 non
839 2976 920 3038 opus
953 2958 1015 3018 est:
1047 2954 1112 3037 hoe
1143 2976 1243 3019 unum
1273 2954 1355 3019 addo

213 3061 407 3146 scriptorum
424 3083 551 3146 quoque
574 3061 664 3126 locos
684 3061 763 3126 olim
783 3060 925 3126 adiectos
948 3060 1059 3145 fuisse,
1083 3083 1146 3146 quo
1166 3084 1204 3125 ex
1222 3083 1355 3127 numero

212 3191 293 3232 unus
313 3172 399 3233 certe
423 3190 501 3232 casu
524 3171 669 3232 servatus
693 3170 751 3246 est,
776 3167 942 3252 scriptoris
962 3168 1071 3233 verbis
1091 3169 1125 3233 in
1143 3190 1246 3234 novae
1270 3170 1356 3252 glos-

213 3297 266 3339 sae
290 3274 429 3359 speciem
452 3274 678 3358 conformatis
700 3289 730 3358 p.
745 3274 826 3340 256:

213 3505 268 3558 Tot
285 3503 409 3558 eiusdem
427 3501 534 3572 glossae
553 3505 640 3558 testes
663 3503 757 3558 habes.
795 3504 854 3557 lam
878 3504 940 3573 quis
962 3505 1078 3558 taudem
1100 3504 1245 3575 putaverit
1267 3505 1357 3576 solum

213 3593 336 3648 codicem
355 3592 520 3646 Vossiauum
539 3591 597 3648 Fol.
618 3598 651 3646 82
671 3593 825 3662 pleniorem
844 3609 968 3647 servasse
986 3584 1149 3648 memoriam
1167 3596 1240 3650 hane
1258 3612 1357 3665 capur-

198 3684 268 3740 rit:
283 3699 336 3752 per
349 3683 435 3736 otiam
447 3686 566 3750 cupatur
581 3675 758 3751 ΡΕΜΒΕΤὸΙ,
775 3681 896 3751 reliquos
912 3685 1007 3736 autem
1024 3683 1117 3738 fontes
1136 3701 1230 3738 omnes
1245 3687 1357 3739 trunca-

212 3774 256 3826 tos
269 3779 346 3826 esse?
372 3770 502 3826 Ceterum
520 3771 610 3825 altera
628 3771 723 3842 glossa
742 3771 811 3826 haec
831 3773 885 3825 est:

514 3880 691 3949 caparrit:
711 3881 766 3933 otio
785 3880 902 3948 deperit,
920 3884 1039 3948 cupatur

302 3967 361 4023 eod.
380 3967 524 4022 Leideusis
543 3974 576 4023 67
583 3968 605 4022 Ε
631 3968 649 4022 f.
670 3969 746 4022 5er
766 3970 882 4037 (capot);
910 3968 970 4024 cod.
989 3968 1135 4022 Palatinus
1157 3973 1224 4021 1773
1248 3966 1267 4020 f.
1286 3973 1359 4020 334ν

303 4057 403 4131 (boetio
421 4057 525 4124 depcrit
542 4057 576 4109 al
593 4056 701 4125 aequb
723 4055 808 4126 gloss.
828 4055 930 4109 Salom.
949 4054 968 4111 f.
983 4057 1074 4110 721ῐῦ
1093 4056 1129 4124 (d.
1148 4056 1189 4108 oet
1206 4058 1308 4123 eaput).

288 4164 308 4232 ²)
326 4163 546 4216 saaiolicautes:
560 4163 729 4218 obsculantes
738 4161 768 4230 P,
785 4162 1004 4215 sautoliuautes:
1019 4162 1201 4216 osculantesL
1217 4161 1356 4216 exhibent.

213 4251 398 4308 Hildebraudi
421 4251 581 4306 coniectura
600 4253 738 4306 sociantes
761 4250 963 4304 emendandum
986 4251 1167 4319 proponentis
1192 4251 1261 4305 mihi
1284 4255 1358 4306 certe

215 4341 352 4412 displicet.
382 4339 480 4394 ‘Sauia
498 4339 629 4394 libantes'
650 4340 725 4410 quod
738 4339 849 4408 scripsi,
868 4341 964 4409 aperte
982 4341 1083 4407 poetae
1101 4339 1289 4409 fragmentum
1304 4342 1357 4394 est:

215 4433 251 4489 cf.
266 4429 423 4500 Vergilium
441 4427 556 4483 Aeneid.
575 4427 596 4497 Ι,
612 4435 662 4483 256
682 4429 775 4483 oscula
793 4428 891 4482 libavit
908 4433 998 4482 actae.

269 4531 361 4582 Ltwc,
375 4529 401 4568 de
416 4528 483 4576 gloss.
498 4527 538 4568 lat.
1130 4525 1145 4574 7
