3232 5122
631 281 874 396 ..έπ-

183 486 310 542 comedia
323 489 380 560 ‘est
411 503 465 557 que
493 505 536 543 res
568 489 742 559 priuatorum
769 488 896 543 comedia
924 490 968 542 est
994 503 1047 556 que
1079 503 1138 544 rcs,
1155 487 1328 558 priuatorum
1421 551 1424 558 ,

254 579 296 631 est
313 569 462 631 humilium
481 621 487 632 .
504 621 509 632 .
527 620 532 632 .
840 580 882 632 cst
900 577 1048 631 humilium
1068 620 1073 632 .
1090 620 1095 631 .
1113 620 1118 631 .

182 707 188 720 .
205 707 233 719 ..
253 683 337 727 unam
351 683 385 720 ex
398 666 485 720 musis
503 668 586 736 poete
605 668 743 724 finxerant
771 710 776 720 .
793 709 798 721 .
815 709 821 720 .
839 684 924 720 unam
938 683 972 720 ex
986 666 1073 720 musis
1092 668 1175 736 poete
1190 667 1329 720 finxerant

182 755 310 809 solebant
328 755 403 808 enim
421 757 486 824 post
504 755 598 809 cibum
621 756 742 810 hominis
769 756 897 810 solebant
916 755 990 810 enim
1011 757 1077 825 post
1095 756 1189 810 cibum
1206 756 1328 809 hominis

254 844 289 897 ad
309 861 356 898 eos
375 843 527 899 audiendos
546 844 641 899 uenire
840 845 877 898 ad
895 861 941 898 eos
960 845 1112 899 audiendos
1130 843 1226 898 uenire

182 931 212 985 in
230 931 313 985 dictis
332 933 422 1001 adque
441 935 523 1002 gestu
769 933 799 986 in
818 933 900 987 dictis
918 935 1008 1002 adque
1028 933 1109 1003 gestu
1178 949 1183 958 ·

183 1022 279 1075 auctor
298 1021 357 1075 eius
376 1021 475 1077 aemon
493 1021 612 1076 traditur
769 1024 866 1077 auctor
885 1022 943 1076 eius
962 1023 1060 1078 corion
1077 1022 1198 1078 traditur
1229 1015 1233 1022 ’
1308 1023 1310 1026 ’

182 1109 212 1162 in
231 1109 354 1179 singulos
373 1128 467 1166 uersos
485 1111 605 1165 tricenos
769 1111 799 1165 in
818 1111 940 1181 singulos
959 1129 1053 1167 versos
1072 1113 1192 1167 tricenos

183 1201 371 1253 ammonentes
390 1201 457 1268 quid
476 1199 664 1270 adpetendum
770 1203 958 1256 ammonentes
977 1202 1045 1274 quid
1063 1202 1251 1271 adpetendum

183 1287 290 1357 duplici
313 1289 380 1358 toga
403 1289 537 1343 infolatus
556 1293 624 1358 aput
641 1287 741 1342 Rorna-
770 1290 876 1359 duplici
899 1293 966 1361 toga
987 1291 1123 1345 infolatus
1144 1297 1211 1360 aput
1228 1292 1328 1346 Roma-

253 1395 304 1431 nos
323 1393 433 1446 quoque
664 1441 666 1444 ¹
841 1397 891 1434 nos
910 1397 1020 1448 quoque

184 1555 296 1642 Itaque
323 1557 468 1622 eiusdem
495 1558 573 1622 libri
601 1559 791 1643 apographa
818 1559 945 1624 diverso
976 1562 1121 1642 tempore
1151 1559 1328 1649 confecta¹)

185 1685 254 1728 esse
277 1663 337 1729 hos
362 1665 487 1730 codices
511 1666 563 1730 vel
591 1687 629 1730 co
657 1667 912 1750 commendatur,
943 1665 1029 1750 quod
1058 1669 1090 1728 et
1113 1665 1328 1733 Floriaeensis

172 1775 218 1834 'et
235 1769 383 1836 Parisina
404 1771 481 1836 libri
506 1773 688 1856 glossarum
710 1774 868 1842 memoria
890 1765 1013 1838 induo
1037 1774 1204 1838 volumina
1222 1775 1329 1839 distri-

184 1878 264 1942 buta
295 1869 358 1963 est,
392 1867 533 1964 quorum'
560 1875 702 1964 priore2)
734 1880 907 1964 utrobique
940 1879 1148 1944 continentur
1179 1879 1326 1946 ABCDE

184 1985 321 2048 litterae.

273 2142 308 2231 b)
341 2143 586 2229 Sangallensem
619 2145 761 2209 eiusdem
793 2147 968 2212 memoriae
997 2147 1172 2211 maximam
1201 2152 1326 2230 partem

184 2251 376 2335 participem
404 2273 488 2334 esse,
515 2249 701 2314 Palatinum
729 2255 843 2316 contra
871 2252 1051 2336 singulares
1075 2255 1252 2338 scripturas
1276 2278 1327 2320 ex»

184 2358 293 2422 hibere·
315 2358 461 2422 locorum
485 2379 565 2442 quos
589 2379 687 2440 supra
710 2357 940 2441 exscripsimus
964 2359 1115 2442 repetitio
1140 2361 1283 2428 docebit:

363 2549 564 2620 Sangallensis:
967 2552 1142 2623 Palatinus:¹

184 2657 311 2714 comedia
328 2657 446 2711 historia
464 2656 607 2725 trapoedia
640 2651 650 2656 “
769 2657 895 2712 comedia
912 2657 1030 2712 historia
1048 2659 1217 2714 draccaedia

185 2747 310 2802 comedia
330 2745 440 2800 cantica
457 2746 595 2815 agrestica
612 2761 690 2814 grece
769 2747 910 2802 comediae
929 2747 1039 2802 cantica
1057 2751 1181 2818 agrestia
1199 2767 1296 2818 graece

185 2836 311 2890 comedia
330 2838 373 2891 est
390 2851 444 2904 que
463 2851 506 2888 res
525 2834 698 2904 priuatorum
718 2838 742 2888 et
769 2835 896 2890 comedia
915 2838 1028 2905 estque
1047 2853 1091 2890 res
1109 2838 1284 2906 priuatorum
1303 2846 1327 2895 et

255 2925 473 3002 humilium...
840 2923 1059 2981 humilium...

221 3015 333 3085 [desunt
350 3014 447 3084 verba]
769 3032 853 3069 unam
872 3032 906 3068 ex
924 3014 1009 3068 musis
1027 3017 1111 3084 poete
1129 3016 1269 3072 finxerant

184 3103 312 3158 solebant
330 3104 403 3157 enim
422 3105 487 3173 post
505 3102 598 3158 cibam
618 3101 741 3156 homines
770 3104 898 3159 solebant
916 3103 991 3157 enim
1009 3106 1075 3173 post
1093 3104 1186 3158 cibum
1203 3105 1327 3160 homines

255 3192 291 3246 ad
311 3210 357 3247 eos
375 3193 527 3247 audiendos
546 3191 642 3247 uenire
840 3194 876 3247 ad
895 3210 942 3247 eos
962 3192 1113 3247 audiendos
1133 3194 1228 3248 uenire

183 3280 213 3334 in
231 3281 314 3336 dictis
333 3287 415 3351 atque
434 3285 516 3351 gestu
769 3281 798 3335 in
817 3280 900 3335 dictis
919 3287 1001 3350 atque
1021 3284 1102 3351 gestu

184 3373 281 3426 auctor
299 3371 358 3425 eius
376 3369 474 3424 aorion
491 3370 611 3425 traditur
674 3446 678 3459 Ι
769 3372 867 3424 auctor
884 3369 943 3424 eius
962 3369 1064 3438 adfion
1081 3369 1202 3424 traditur

184 3493 213 3546 in
231 3495 353 3564 singulos
369 3473 462 3566 uershs
480 3495 600 3550 tricenos
769 3494 798 3548 in
818 3494 936 3565 singulis
955 3511 1050 3550 versos
1068 3495 1190 3549 tricenas

185 3584 365 3639 admonentes
384 3585 451 3653 quid
469 3584 658 3654 adpetendum
769 3585 949 3638 admonentes
968 3583 1034 3652 quid
1053 3583 1243 3652 adpetendum

184 3671 290 3741 duplici
322 3676 404 3744 trega
434 3674 573 3728 incolatus
604 3678 673 3743 aput
698 3689 741 3726 ro·
770 3673 877 3742 duplici
894 3673 962 3742 toga
982 3673 1118 3726 infolatus
1140 3675 1215 3742 apud
1237 3691 1327 3728 roma·

255 3778 352 3816 manos
371 3779 480 3832 quoque
840 3780 891 3817 nos
910 3778 1022 3830 quoque

258 4010 277 4078 ¹)
296 4008 429 4064 Eiusdem
446 4008 520 4064 enim
540 4010 644 4065 saeculi
662 4008 772 4064 codices
791 4007 837 4064 vix
856 4026 916 4064 esse
935 4012 1052 4079 possunt
1069 4027 1132 4064 cum
1151 4010 1187 4064 ob
1206 4008 1329 4079 catalogi

183 4097 303 4153 Parisini
321 4101 351 4154 et
363 4098 480 4153 Useneri
499 4099 533 4153 de
548 4100 640 4154 aetate
659 4099 861 4154 sententiarum
878 4087 1097 4168 discrepantiam
1111 4115 1328 4168 -quamquem

184 4189 219 4243 de
237 4188 360 4258 catalogi
379 4187 521 4257 scriptoris
540 4205 632 4243 errore
656 4189 774 4259 cogitari
796 4189 886 4258 possit
905 4219 952 4257 —-,
977 4191 1038 4243 tum
1061 4189 1181 4243 maxime
1205 4190 1240 4243 ob
1264 4187 1328 4243 scri-

183 4279 284 4346 pturae
302 4277 508 4346 diversitatem,
527 4295 612 4346 quarn
630 4279 705 4332 haud
725 4295 791 4333 sane
810 4278 940 4348 exiguam
959 4295 1018 4333 esse
1037 4295 1052 4332 e
1071 4278 1115 4331 Du
1130 4277 1212 4332 Risui
1230 4280 1260 4333 et
1273 4278 1328 4332 Ha·

183 4367 249 4436 geni
268 4366 468 4436 speciminibus
486 4367 665 4439 perspectum
683 4369 783 4423 habeo.

257 4456 277 4525 ²)
304 4457 450 4512 Beruensis
469 4457 591 4526 exempli
609 4457 729 4511 alterum
748 4457 879 4512 volumen
898 4455 1073 4511 intercidisse
1092 4453 1220 4510 vidimus,

1064 4545 1116 4604 ro*
