3178 5122
697 335 915 399 „22-

230 505 263 565 et
281 500 361 565 alibi
380 500 466 565 edita
486 479 571 563 sunt}
608 496 677 562 Nos
692 501 822 582 practer
840 496 1020 562 vetustiora
1038 531 1076 540 -
1097 495 1187 559 velut
1202 493 1375 578 ‘glossaria

231 604 325 694 du01)
359 603 475 671 Oarolo
509 605 630 689 Magno
668 604 827 688 inscripta
857 600 1169 668 Latino-Francica'
1207 601 1242 665 in
1273 599 1376 665 Marci

233 713 341 778 Zuerii
359 712 579 777 Boxhornii
597 711 746 776 Historia
759 709 945 775 Universali
964 708 1183 796 (Francofurti
1199 712 1232 772 61
1246 708 1377 793 Lipsiae

232 821 280 884 ed.
304 841 331 884 a.
357 815 469 903 1675),
502 816 541 882 D.
568 816 723 881 Iohannis
750 816 979 882 Diecmanni
1006 815 1191 900 ‘Specimen
1219 815 1378 881 Glossarii

231 925 347 994 Msdti
359 924 666 1008 Latino-Theotisci,
680 924 764 1007 quod
778 923 914 990 Rabano
928 923 1042 989 Mauro
1058 973 1065 988 .
1079 972 1087 988 .
1102 973 1108 986 .
1123 923 1312 988 inscribitur
1327 973 1334 988 .
1349 973 1356 988 .
1371 972 1379 988 .

233 1034 320 1117 Opus
339 1029 561 1116 posthumum’
585 1031 722 1095 Bremae
741 1029 788 1094 ed.
808 1052 836 1094 a.
858 1027 1014 1115 172140,
1038 1027 1232 1095 ‘Aeltrici'
1258 1031 1379 1115 glossa-

233 1141 318 1205 rium
337 1121 632 1221 anglosaxonicum,
652 1135 848 1219 glossarium
866 1136 1130 1200 latino-italicum
1147 1135 1208 1200 Du
1227 1135 1379 1224 Cangii,

235 1243 381 1310 Graffii
396 1241 722 1307 ‘Althochdeutscber
736 1239 983 1324 Sprachschatz'
1009 1278 1047 1286 -
1068 1241 1123 1304 hic
1142 1241 1209 1306 illic
1228 1244 1267 1309 ad
1286 1267 1380 1309 usum

233 1356 383 1418 nostrum
405 1372 471 1414 non
492 1349 561 1414 sine
579 1347 721 1413 utilitate
741 1349 934 1414 adscivimus
954 1348 1121 1414 Laurentii
1138 1347 1380 1416 Diafenbacb

235 1458 449 1523 ‘Glossarium
466 1453 828 1521 Latino-Germanicum
843 1455 968 1519 mediae
988 1459 1021 1519 61
1039 1455 1169 1519 infimae
1189 1457 1318 1522 aetatis'
1342 1481 1381 1522 ex

235 1566 400 1632 codicibus
429 1586 526 1628 manu
554 1561 684 1646 scriptis
709 1564 742 1625 61
769 1561 864 1626 libris
895 1563 1063 1646 impressis
1091 1561 1319 1628 concinnatum
1349 1569 1382 1629 et

236 1671 445 1738 Francofurti
467 1669 505 1734 ad
530 1667 684 1734 Moenum
703 1690 731 1732 a.
752 1667 836 1733 1857
857 1667 988 1754 editum,
1012 1669 1217 1752 eiusdemque
1242 1668 1383 1736 ‘Novum

238 1779 441 1846 Glossarium
473 1773 814 1858 Latinogermanicum
846 1774 971 1838 mediae
1013 1779 1045 1840 et
1082 1775 1212 1840 infimae
1251 1776 1381 1841 aetatis'

236 1887 358 1953 ibidem
377 1906 404 1948 a
425 1881 508 1946 1867
529 1881 725 1966 evulgatum.
765 1879 879 1964 Neque
896 1903 956 1945 nos
975 1880 1062 1965 fugit
1079 1882 1118 1946 K.
1136 1881 1161 1947 I.
1182 1881 1383 1949 Sohr'derii

238 1988 621 2058 ‘Lateinisch-deutsches
644 1986 830 2052 Vocabular
858 2009 922 2052 von
944 1986 1164 2055 MOOGGXX'
1187 1989 1382 2074 Pressburgi

238 2125 266 2166 a.
283 2097 367 2163 1859
388 2096 563 2181 proditum,
587 2093 761 2158 Scheleri
776 2092 1045 2178 ‘Lexicograpbie
1065 2094 1167 2160 latine
1187 2097 1229 2161 dn
1243 2097 1329 2163 XH0.
1349 2103 1383 2163 61

238 2208 280 2272 du
302 2203 406 2271 XllP.
430 2202 536 2268 siecle.
558 2199 652 2265 Trois
676 2201 790 2265 traitcs
814 2200 852 2264 de
875 2199 959 2264 Jean
981 2203 1019 2266 de
1044 2200 1215 2288 Garlande,
1238 2202 1383 2270 Neokam

240 2318 273 2378 61
295 2312 401 2377 Adam
428 2310 471 2374 du
493 2307 581 2372 Petit
603 2306 703 2372 Pont'
726 2307 856 2391 Lipsiae
880 2330 908 2372 a.
936 2308 1019 2374 1867
1049 2331 1196 2375 seorsum
1218 2311 1306 2395 typis
1334 2312 1384 2376 de-

239 2420 370 2503 scripta,
393 2417 425 2480 id
449 2437 550 2499 genus
575 2415 648 2480 alia.

328 2523 423 2588 Alter
453 2521 614 2586 dividendi
647 2521 761 2586 modus
794 2521 834 2586 ad
866 2523 1070 2588 materiam
1099 2529 1233 2608 spectat.
1292 2527 1386 2591 Aliae

240 2633 326 2698 enirn
350 2631 477 2716 glossae
501 2628 698 2712 compositae
722 2633 797 2693 sunt
821 2630 943 2694 ordinis
966 2631 1021 2714 qui
1048 2632 1166 2697 dicitur
1190 2633 1387 2716 alphabetici

241 2743 297 2806 aut
311 2736 562 2822 diligentissime
582 2739 639 2799 aut
656 2735 760 2800 laxius
781 2739 837 2800 aut
851 2737 982 2801 omnino
1002 2760 1068 2802 non
1086 2739 1212 2804 ratione
1230 2737 1387 2825 habital),

242 2844 478 2932 significatione
508 2847 617 2907 autem
646 2843 829 2926 glossarum
864 2866 997 2926 prorsus
1031 2846 1194 2930 neglecta,
1227 2867 1309 2930 quae
1337 2849 1387 2909 est

204 2954 344 3044 -fflmulto
369 2951 472 3015 maior
495 2973 584 3033 pars:
607 2950 696 3014 velut
720 2947 878 3035 ‘isidori',
901 2949 1037 3035 Placidi,
1061 2975 1240 3037 anonymae
1265 2974 1388 3016 sescen-

5 3123 14 3137 ,
156 3064 166 3071 ”
181 3055 194 3062 ”
242 3067 308 3144 tae,
337 3060 474 3123 aliarum
503 3060 616 3120 contra
648 3055 727 3119 ordo
755 3056 783 3120 is
813 3060 876 3141 est,
903 3061 940 3121 ut
968 3059 1150 3142 glossarum
1178 3059 1219 3123 ad
1252 3058 1386 3124 eandem

243 3165 425 3248 materiam,
448 3164 537 3229 velut
561 3164 600 3227 ad
620 3164 743 3228 caelum
766 3163 842 3227 deos
862 3165 1016 3230 animalia
1036 3166 1270 3250 supellectilem
1289 3167 1387 3230 ferra-

243 3277 362 3356 menta,
380 3273 445 3336 alia
464 3272 681 3355 spectantium
694 3275 767 3336 tota
786 3272 894 3355 capita
913 3276 1131 3357 conectuntur,
1150 3274 1240 3339 euius
1260 3273 1387 3357 generis

245 3383 320 3445 sunt
343 3377 500 3463 Stephani
524 3378 708 3444 ‘Vocabula
730 3379 765 3443 in
788 3383 877 3445 certa
896 3380 1004 3464 capita
1025 3381 1125 3446 veluti
1148 3381 1182 3445 in
1205 3403 1387 3446 communes

244 3488 333 3552 locos
357 3485 504 3570 digesta?
541 3486 604 3550 Hic
628 3508 754 3571 quoquc
778 3487 914 3552 aliarum
938 3491 1034 3572 atque
1057 3489 1177 3552 latinae
1197 3492 1230 3552 61
1253 3509 1387 3573 graecae

245 3594 428 3678 linguarum
455 3615 533 3657 usus
561 3592 682 3657 similia
710 3593 859 3678 protulit,
888 3616 1024 3678 quorum
1052 3617 1150 3658 unum
1173 3617 1388 3660 commemoro

320 3842 340 3910 ¹)
360 3841 392 3894 In
410 3840 502 3911 priore
522 3840 630 3910 glossae
650 3841 687 3894 ad
706 3841 854 3896 iuvencum
874 3845 1032 3912 spectantes
1050 3844 1154 3897 insunt.

320 3929 340 4001 ²)
362 3930 415 3996 Qui
433 3929 569 3998 glossaria
586 3947 642 3984 non
660 3932 751 3985 multa
768 3921 935 3999 novitsnon
958 3932 1040 3987 facile
1059 3932 1202 4003 putaverit
1221 3934 1266 3988 vel
1285 3934 1390 4004 glossa·

247 4039 308 4074 rum
329 4021 366 4075 ad
385 4019 529 4089 alphabeti
552 4019 678 4074 ordinem
696 4021 912 4090 digerendarum
934 4021 1075 4090 pervarias
1095 4039 1154 4076 6666
1173 4040 1253 4091 posse
1277 4015 1391 4092 species.

247 4109 330 4164 Modo
350 4108 424 4162 enim
443 4109 590 4177 respicitur
609 4110 644 4164 ad
664 4108 773 4164 litteras
793 4109 829 4163 ab
848 4109 929 4164 initio
947 4126 1052 4169 „vocum
1070 4111 1175 4180 primas
1194 4112 1267 4166 hune
1285 4111 1315 4165 in
1334 4129 1392 4166 mo·

247 4199 327 4252 dum:
351 4199 398 4252 ab·
417 4214 460 4252 ac·
479 4197 527 4251 ad·
546 4214 588 4251 ac·
606 4196 651 4251 val
670 4197 735 4252 aba
754 4197 816 4252 aba·
836 4199 896 4252 abc·
915 4198 980 4252 aba·
999 4241 1005 4254 .
1026 4241 1031 4252 .
1052 4239 1058 4251 .
1077 4216 1139 4253 uca-
1158 4199 1218 4253 ccb·
1237 4217 1294 4255 ucc-
1314 4244 1320 4256 .
1341 4244 1347 4255 .
1368 4243 1392 4268 .,

249 4286 332 4341 modo
352 4287 387 4340 ad
406 4287 517 4341 vocales
536 4285 588 4356 ita,
612 4289 644 4342 ut
662 4287 727 4342 talis
751 4287 817 4342 ordo
837 4287 952 4342 evadat:
989 4288 1069 4342 alvus
1088 4289 1207 4358 auguste
1226 4287 1338 4344 abiurat
1356 4290 1391 4343 ad

249 4375 438 4431 ulciscendum
465 4376 589 4431 amburit
616 4375 776 4444 ambustum
797 4418 867 4446 ...,
899 4376 983 4432 modo
1012 4376 1177 4434 lemmatum
1208 4379 1392 4437 extremarum

250 4465 407 4522 litterarum
426 4464 498 4522 ratio
516 4465 644 4533 habetur,
665 4465 725 4520 sim.
