3232 5122
661 318 899 383 -203-

210 478 352 544 vavi...
388 476 427 542 In
454 477 639 572 depravatis
668 498 765 560 porro
793 479 961 543 vocabulis
988 515 1025 524 -
1056 501 1194 564 quorum
1217 501 1354 565 magnus

209 607 360 650 numerus
384 589 466 671 erat,
493 585 685 670 pracsertim
712 607 823 669 quum
851 585 983 651 literis
1006 587 1146 652 latinis
1169 587 1353 671 pleraque

211 693 358 776 scripta
384 693 440 757 ibi
471 693 602 758 essent
627 729 664 737 —
691 692 802 756 eadem
833 692 991 777 religione
1020 697 1140 778 quaet
1167 694 1202 759 in
1229 693 1353 758 mendis

209 799 431 884 praecedentis
458 799 555 864 lexici
584 821 659 864 usus
687 798 780 864 sum'.
825 799 997 864 Praeterea
1024 801 1062 864 de
1077 821 1201 866 -eorum
1230 801 1354 885 origine

210 905 292 971 nihil
316 907 426 972 scitur.
968 921 973 978 ζ

299 1013 357 1078 ΙΠ.
379 1012 417 1078 In
436 1013 586 1097 catalogo
600 1012 750 1078 Leidensi
769 1013 854 1078 inter
873 1013 1010 1079 ‘codices
1025 1014 1204 1079 Vossianos
1220 1013 1355 1080 Latinos

87 1199 90 1206 Δ
209 1120 244 1184 in
277 1119 417 1186 Octavo'
450 1123 742 1186 commemorantur
774 1119 939 1205 ‘excerpta
977 1143 1015 1184 ex
1051 1123 1181 1185 vetusto
1215 1121 1354 1204 quodam

209 1229 313 1294 lexico
335 1229 556 1313 latinograeco
579 1229 614 1292 in
637 1228 759 1294 charta.
778 1227 842 1293 22’.

297 1333 354 1399 IV.
374 1335 532 1401 Exstant
564 1335 663 1401 etiam
693 1336 737 1402 45
769 1337 837 1401 fere
869 1336 1003 1420 glossae
1018 1337 1241 1419 pervetustae
1273 1356 1354 1418 quas

210 1464 357 1526 papyro
382 1465 463 1508 saec.
486 1442 517 1507 V
540 1443 592 1508 vel
616 1442 664 1508 VI
688 1445 827 1529 scriptae
851 1444 1018 1528 debemus,
1044 1443 1197 1508 collectae
1220 1441 1296 1506 illae
1320 1440 1355 1505 in
1379 1467 1386 1480 ·

210 1549 365 1614 cotidiani
388 1550 550 1614 sermonis·
567 1573 670 1616 usum.
701 1551 819 1615 Editae
843 1555 918 1616 sunt
940 1551 975 1616 in
993 1550 1139 1616 ‘Notices
1163 1553 1196 1613 et
1219 1547 1355 1613 extraits

211 1656 266 1720 des
299 1656 492 1721 manuscrits
522 1657 560 1721 de
590 1657 623 1721 la
650 1657 728 1723 bibl.
751 1649 867 1741 Imper.
896 1661 929 1721 et
954 1660 1067 1725 ,autres
1094 1656 1173 1721 bibl.
1196 1659 1219 1720 t.
1243 1653 1355 1718 XVIII

196 1761 661 1846 1111111.ρ111.Ρ11111861’)’
684 1787 715 1848 p.
731 1763 807 1848 125,
831 1764 893 1829 hoc
916 1763 1059 1847 praefixo
1082 1763 1192 1827 titulo:
1216 1760 1356 1846 ‘Fragm

212 1867 250 1933 de
273 1868 675 1958 11111111111111111111
700 1872 732 1933 et
755 1867 852 1953 greo'.
896 1868 1015 1933 Nullus
1040 1890 1151 1933 carum
1175 1869 1267 1951 ordo,
1290 1867 1356 1932 for·

211 1999 283 2041 mae
306 1977 473 2060 utriusque
496 1975 628 2060 linguae
652 1977 813 2061 vulgares:
845 1976 883 2041 cf.
906 1977 949 2040 (11
970 1994 1073 2041 meso:
1099 1977 1225 2058 parata
1248 2005 1290 2026 =
1314 1975 1356 2039 da

210 2102 367 2148 masam:
398 2082 553 2166 nupsere,
595 2084 692 2147 iona:
725 2084 799 2166 tiro,
841 2083 994 2150 cubabo:
1017 2084 1175 2168 parisina
1217 2081 1355 2146 11111111

211 2190 315 2255 elladi.
351 2190 466 2255 Denuo
487 2213 646 2274 papyrum
664 2191 818 2274 inspexit,
842 2191 961 2255 iterum
980 2190 1093 2274 edidit,
1117 2189 1245 2273 egregie
1264 2209 1356 2250 enar-

211 2297 298 2362 ravit
328 2298 455 2382 glossas
482 2295 673 2362 Franciscus
702 2297 916 2366 Buechelerus
949 2299 984 2362 in
1010 2295 1210 2360 Fleckeiseni
1238 2293 1356 2358 Annal.

206 2407 235 2478 t.
256 2404 316 2467 111
343 2401 386 2489 (a.
407 2402 507 2490 1875)
530 2427 561 2488 p.
579 2404 644 2469 309
655 2426 723 2489 sqq.

301 2508 533 2596 Subiungimus
557 2510 718 2594 glossaria
741 2533 780 2574 ex
802 2532 910 2574 rerum
932 2510 1057 2576 ratione
1081 2511 1115 2574 in
1138 2513 1225 2575 certa
1248 2507 1355 2592 capita

212 2617 352 2703 digesta,
375 2640 456 2702 quae
478 2640 545 2683 non
567 2618 616 2683 ita
639 2618 742 2682 multa
765 2620 848 2682 sunt.

300 2724 325 2789 I.
353 2717 482 2789 Primu⁰s
505 2724 586 2790 talia
609 2724 708 2789 edidit
730 2723 889 2789 Henricus
913 2722 1097 2808 Stephanus
1121 2724 1155 2788 in
1178 2723 1262 2787 libro
1287 2743 1355 2785 sae-

212 2831 345 2915 pissime
362 2831 429 2895 iam
449 2835 699 2896 commemorato
714 2824 744 2914 p.
760 2833 944 2916 231-281.
968 2831 1114 2896 Titulum
1129 2829 1357 2914 superscripsit

211 2938 310 3003 hunc:
347 2937 522 3022 ‘Excerpta
550 2961 588 3003 ex
617 2938 689 3002 aliis
717 2939 881 3003 veteribus
904 2939 1015 3005 lexicis
1039 2937 1269 3023 graecolatinis
1300 2958 1356 3000 seu

212 3043 381 3129 glossariis
419 3034 470 3130 (ut
502 3048 578 3111 tunc
610 3045 766 3129 temporis
794 3045 970 3132 vocabant)
1003 3045 1174 3128 vocabula,
1205 3045 1239 3107 in
1269 3046 1358 3107 certa

212 3151 334 3235 capita,
365 3153 466 3218 veluti
493 3153 528 3216 in
556 3174 742 3218 communes
770 3153 873 3237 locos,
903 3154 1040 3238 digesta.
1084 3151 1193 3217 Unum
1222 3173 1260 3215 ex
1290 3145 1383 3214 11111Ι

212 3259 402 3342 inscriptum
431 3260 481 3324 est
507 3259 694 3343 glossarium
721 3260 800 3324 beati
826 3260 998 3338 Benedicti,
1031 3259 1149 3324 1111111
1175 3258 1357 3324 Floriocca·

211 3364 275 3430 sis'.
312 3365 432 3449 Agitur
455 3369 562 3431 autem
586 3389 616 3450 p.
631 3367 694 3430 231
720 3365 769 3431 ‘de
794 3366 904 3452 caelo',
925 3389 957 3452 p.
974 3367 1039 3432 238
1064 3365 1114 3429 ‘de
1137 3365 1205 3429 deis
1229 3367 1261 3427 et
1284 3362 1356 3428 dea-

212 3471 300 3557 bus',·
314 3495 345 3557 p.
360 3473 425 3536 239
445 3471 495 3537 ‘de
510 3471 661 3556 homine',
684 3496 714 3556 p.
728 3473 795 3538 240
818 3472 868 3537 ‘de
882 3473 1036 3538 membris
1049 3469 1223 3554 humanis',
1245 3492 1276 3553 p.
1290 3470 1356 3535 244

213 3577 263 3642 ‘de
288 3577 426 3661 studiis',
451 3578 485 3642 id
512 3598 613 3662 genus
638 3578 710 3643 aliis
733 3567 838 3644 rebus.
885 3578 1076 3644 Simillimae
1099 3578 1255 3643 materiae
1278 3577 1357 3641 bina
1472 3579 1474 3582 ’

213 3684 320 3768 capita
343 3684 462 3768 ubique
486 3684 552 3747 fere
575 3683 690 3774 habes,
720 3688 756 3749 ut
779 3685 830 3750 vel
857 3685 935 3750 hinc
962 3685 1088 3751 duobus
1115 3685 1263 3749 fontibus
1286 3681 1358 3747 Ste-

212 3791 356 3875 phanum
392 3813 487 3856 usum
519 3813 589 3855 esse
621 3796 783 3875 appareat.
833 3791 1044 3857 Accuratiora
1078 3812 1116 3855 ex
1153 3788 1356 3874 praefatione

141 3941 143 3944 -
213 3900 317 3963 altera
338 3896 506 3982 discimus,
529 3915 611 3984 quae
635 3920 708 3962 cum
731 3898 825 3982 plura
844 3897 882 3962 de
901 3897 991 3962 fonte
1009 3919 1095 3960 nuno
1111 3919 1177 3962 non
1191 3898 1356 3978 comperta

212 4006 390 4070 habeamus
421 4004 549 4089 integra
581 4004 736 4069 suscribo
786 4001 869 4069 Sunt
901 4008 1010 4069 autem
1042 4004 1135 4068 haec:
1172 4000 1355 4086 ‘sequentes
1466 3993 1468 3997 ¹

213 4135 328 4178 vocum
342 4111 541 4196 quarundam
562 4111 845 4195 interpretationes
864 4111 902 4175 in
921 4111 1091 4196 antiquis
1110 4110 1356 4206 pergamenis

213 4218 535 4304 depravatissimo
566 4217 733 4302 scriptas
764 4217 861 4282 libuit
891 4217 1110 4304 superioribus
1140 4216 1288 4282 adicere.
1304 4268 1355 4282 ...

211 4325 299 4402 Quin
320 4325 417 4389 etiam
441 4323 526 4408 quod
549 4325 657 4389 variae
682 4324 723 4388 ad
746 4323 879 4389 eandem
902 4346 971 4388 rem
994 4323 1193 4406 pertinentes
1216 4324 1356 4408 appella-

213 4430 317 4499 tiones
348 4432 382 4497 in
414 4434 503 4498 certa
535 4429 692 4517 quaedam
724 4431 832 4519 capita
863 4431 953 4498 velut
984 4431 1019 4496 in
1050 4451 1235 4496 communes
1267 4431 1355 4496 locos
