3222 5122
726 315 967 382 -352-

276 473 372 537 modo
400 475 553 568 cirplioari
583 476 698 559 possit.
745 475 878 542 Certum
903 479 1011 540 autem
1040 476 1122 540 mihi
1145 475 1275 560 quidem
1298 469 1424 541 ridetur

272 580 371 660 polit:
388 582 474 663 perit
495 584 527 645 εὴ
553 583 684 664 polluit:
702 584 819 666 perivit
840 584 968 668 glossas
993 582 1234 666 coniungendas
1258 605 1328 648 esse
1353 605 1423 646 cum

276 685 371 750 Pauli
389 711 419 771 p.
434 688 540 769 3ll,5
562 690 735 755 memoria:
758 691 949 756 pullescit:
968 691 1141 774 porterit,
1164 692 1279 757 dietum
1301 712 1322 756 a
1344 691 1424 755 cello

275 795 422 873 militari,
445 797 528 876 quod
547 783 587 878 ‚e
610 799 692 862 circe
719 803 835 877 castro,
864 799 945 880 quod
970 798 1025 879 qui
1046 818 1079 862 eo
1106 798 1260 863 eiciuntur
1275 819 1337 880 pro
1353 819 1434 894 per-¹

276 903 350 967 clitis
371 903 533 987 labentum
565 906 658 969 tanta
681 906 766 970 enim
790 906 982 970 lemmatum
1006 908 1039 969 ct
1061 905 1423 989 interpretamentonrm

277 1010 449 1094 utrobique
478 1011 672 1095 similitudo,
700 1016 737 1077 ut
768 1014 846 1097 quin
875 1012 988 1076 eadem
1016 1011 1114 1095 stirps
1147 1016 1179 1076 ct
1210 1011 1264 1077 hio
1293 1016 1327 1077 ct
1356 1012 1423 1076 illic

276 1115 435 1180 habeatur
457 1117 566 1181 nullus
592 1118 746 1182 dubitem.
789 1118 873 1182 Illud
898 1121 1007 1184 autem
1029 1118 1221 1202 perdifficile
1245 1119 1347 1203 dictu,
1370 1119 1425 1203 qui

275 1223 375 1304 polire
401 1223 536 1287 verbum
565 1245 638 1288 cum
665 1225 778 1290 uellere
806 1224 911 1290 forma
919 1224 944 1311 ¹)
973 1226 1137 1290 conciliari
1165 1227 1279 1318 possit.
1325 1225 1424 1292 Nam-

279 1351 340 1412 que
360 1329 388 1420 si
405 1331 558 1394 nolumus
577 1330 722 1415 glossam
740 1354 848 1397 errore
863 1355 880 1396 e
898 1355 917 1397 o
936 1332 970 1397 in
980 1354 1002 1416 9
1020 1333 1165 1398 litteram
1188 1332 1332 1398 delatam
1355 1354 1424 1397 esse

278 1439 434 1522 statuere,
467 1459 549 1521 quae
583 1441 633 1502 cst
665 1461 741 1504 sane
773 1439 890 1503 ultima
921 1439 1020 1518 ratio,
1052 1439 1133 1504 nihil
1168 1439 1195 1503 si
1225 1439 1302 1523 quid
1330 1438 1424 1503 video

277 1545 392 1626 restat,
420 1542 484 1607 nisi
510 1546 547 1607 ut
570 1564 593 1626 p
620 1544 711 1609 illam
739 1565 778 1608 ex
800 1565 819 1607 v
845 1547 957 1608 natam
986 1565 1056 1608 csso
1084 1545 1210 1610 collatis
1238 1546 1424 1630 linguarum

279 1670 360 1731 quae
392 1652 550 1714 vocantur
579 1672 786 1715 romanarum
818 1649 932 1716 formis
960 1650 1048 1733 polpe
1077 1647 1217 1736 (volpes),
1245 1651 1333 1732 pdter
1362 1648 1425 1737 (oe-

276 1753 384 1842 sture),
417 1757 488 1821 sim.
517 1759 729 1841 coniciamus,
759 1778 955 1842 quamquam
986 1757 1026 1820 ad
1056 1757 1267 1821 vetustiorem
1295 1757 1425 1842 linguae

278 1863 399 1927 latinae
433 1867 573 1929 aetatem
607 1865 687 1928 talia
715 1863 820 1928 redire
852 1886 918 1929 non
951 1864 1149 1929 crediderim.
1196 1864 1288 1940 Quod
1316 1869 1423 1930 autern

281 1970 321 2033 ad
351 1969 462 2056 ‘galttf
490 1969 630 2056 ‘galivit'
665 1970 782 2034 attinet
810 1992 877 2035 non
904 1970 1076 2048 secundae,
1104 1969 1159 2035 scd
1188 1973 1323 2054 quartae
1351 1993 1424 2036 con-

279 2077 456 2161 iugatiouis
494 2078 630 2159 formas,
666 2076 753 2140 haud
790 2076 898 2160 inepte
935 2077 1098 2161 quispiam
1136 2075 1175 2140 ad
1209 2075 1426 2142 Schuchardti

280 2181 514 2248 ‘Vokalismus'
534 2183 549 2246 I
568 2206 599 2267 p.
615 2184 679 2248 269
689 2205 757 2268 sqq.
776 2182 947 2267 refugerit,
969 2183 1025 2247 ubi
1048 2183 1121 2248 deltt
1142 2183 1248 2248 delicit
1271 2183 1341 2247 sim.
1363 2183 1425 2247 lin-

278 2311 361 2374 guae
394 2290 539 2374 vulgaris
573 2312 642 2354 esse
677 2290 927 2355 demonstratur.
977 2288 1124 2374 Denique
1158 2289 1244 2374 quod
1276 2289 1357 2371 pulit
1392 2293 1426 2353 et

274 2397 388 2479 polivit
414 2397 568 2480 simplici,
599 2397 711 2461 cellere
740 2397 870 2480 gemina
898 2395 1043 2460 llittcra
1070 2396 1192 2478 scripta
1225 2398 1314 2478 sunt,
1344 2395 1425 2459 haec

278 2503 497 2586 discrepantia
524 2525 562 2568 eo
590 2503 730 2568 fortasse
758 2503 831 2568 tolli
863 2502 980 2586 possit,
1013 2501 1100 2586 quod
1127 2502 1245 2585 Papias
1270 2501 1362 2583 pellit
1394 2505 1427 2565 ct

275 2609 400 2693 pollicit
421 2609 565 2693 exhibet,
589 2590 783 2694 quainquam
806 2609 875 2672 veri
900 2607 1032 2673 minime
1057 2607 1161 2672 simile
1185 2607 1321 2691 Papiam
1343 2609 1425 2673 inte-

281 2738 373 2802 gram
406 2716 600 2799 scripturam
634 2737 793 2798 servasse,
826 2714 951 2779 codices
982 2711 1140 2798 Scaligeri
1174 2719 1207 2780 et
1238 2714 1425 2779 Palatinum

282 2823 367 2887 1773
392 2825 586 2906 corruptam.
619 2820 719 2886 Vides
742 2820 952 2886 difficultates
976 2819 1200 2904 gravissimas,
1225 2841 1304 2903 quas
1323 2821 1371 2886 ita
1389 2825 1426 2885 ut

279 2929 361 2993 mihi
393 2928 462 3012 ipse
480 2921 696 2993 'satisfaciam
727 2927 852 2992 solvere
879 2948 1019 3010 nequeo:
1050 2925 1155 2990 nihilo
1183 2929 1294 2991 tamen
1325 2928 1425 2992 setius

280 3036 464 3120 glossarum
493 3035 633 3126 illarum
649 3037 681 3096 et
704 3033 798 3098 Pauli
821 3033 1011 3098 memoriam
1041 3033 1153 3098 eodem
1177 3037 1323 3116 spectare
1346 3035 1426 3098 mihi

281 3146 373 3208 const
395 3145 418 3206 t.

434 3242 645 3312 MAREDVS
668 3268 677 3286 ·
700 3243 973 3310 MADERATVS
996 3268 1005 3287 ·
1028 3243 1265 3311 MAROEROS

368 3355 402 3419 D
428 3355 557 3418 litterae
590 3353 625 3416 in
657 3373 674 3415 r
701 3356 845 3416 mutatae
879 3354 1024 3437 exempla
1057 3353 1208 3418 omnibus
1240 3355 1319 3416 nota
1351 3358 1427 3418 sunt

244 3533 255 3554 .
280 3462 435 3540 meridies,
459 3481 548 3543 peres
576 3457 696 3544 (forma
724 3459 808 3544 apud
837 3457 1048 3524 Consentium
1077 3457 1226 3546 tradita),
1260 3480 1312 3538 or,
1342 3481 1426 3543 opor,

347 3637 374 3706 ‚¹)
397 3636 556 3690 Admodum
580 3635 738 3705 suspectum
762 3635 894 3689 pullescit·
910 3633 989 3688 illud.
1027 3633 1159 3688 Eiusdem
1187 3629 1281 3688 aut'em
1310 3634 1425 3705 originis

281 3727 366 3782 verbo
386 3745 451 3781 usus
474 3726 517 3780 est
536 3725 624 3779 Varro
642 3724 808 3778 Prometheo
827 3723 876 3779 lib.
895 3723 922 3776 ΙΙ
939 3723 1011 3778 teste
1031 3722 1123 3777 Nonio
1141 3741 1168 3792 p.
1189 3729 1249 3792 21⁵1,
1262 3729 1309 3778 ⁶25:
1336 3723 1426 3778 ‘retri-

280 3818 376 3871 menta
394 3815 462 3884 cibi,
481 3831 552 3884 quac
572 3814 697 3868 exierant
714 3831 765 3883 pcr
783 3813 935 3882 posticum,
955 3811 1162 3867 evallefeci’.
1191 3813 1251 3868 Iam
1268 3813 1427 3879 oallcfacere

279 3905 329 3975 (sic
355 3904 560 3972 Lachmannus)
588 3904 631 3958 est
660 3903 769 3957 ‘facere
792 3902 825 3954 ut
848 3900 911 3969 quis
938 3900 1065 3968 uolleot’,
1093 3899 1164 3954 sicut
1191 3901 1356 3967 madefacere
1383 3900 1427 3953 ‘ut

280 3992 341 4061 quis
360 3992 488 4049 medent’.
525 3992 597 4046 Hinc
617 3991 640 4045 si
657 3990 779 4046 pullescit
796 3988 868 4042 illud
887 3989 985 4042 eodem
1008 3987 1091 4042 modo
1115 3989 1267 4043 formatum
1291 4006 1346 4058 quo
1369 4005 1425 4042 mu·

280 4082 375 4148 (tescit,
395 4080 444 4150 qui
462 4098 564 4149 quaeso
584 4077 717 4150 explicari
735 4079 828 4148 potest
841 4078 957 4146 perierit
970 4077 1268 4146 interpretamentum?
1289 4077 1427 4132 Mcdescit

180 4163 182 4168 ’
280 4168 354 4224 enim
374 4185 518 4238 nunquam
538 4168 678 4222 ‘madidus
697 4165 818 4220 fuerit'
839 4164 986 4235 significat.
1017 4165 1081 4221 Non
1096 4168 1185 4222 audeo
1199 4169 1294 4222 tamen
1308 4168 1425 4233 mutare,

279 4276 336 4312 non
354 4257 445 4328 magis
468 4259 563 4312 autem
584 4255 618 4310 de
643 4257 736 4325 etymo
756 4253 910 4323 quidquam
929 4253 1066 4324 conicere,
1091 4272 1261 4324 quamquam
1279 4253 1426 4310 derivandi

279 4346 403 4402 rationes
422 4349 451 4402 et
468 4345 551 4400 Pauli
568 4348 596 4414 (a
613 4345 685 4400 callo
703 4341 830 4410 militari)
855 4343 883 4397 εὴ
902 4341 1032 4397 Salmasii
1051 4345 1079 4411 (a
1096 4345 1177 4411 collo,
1201 4346 1254 4399 hoc
1273 4345 1317 4398 cst
1335 4358 1425 4399 vanno

281 4436 407 4505 parvulo)
427 4434 583 4504 displicent.
