<?xml version="1.0" encoding="UTF-8"?>
<!DOCTYPE html PUBLIC "-//W3C//DTD XHTML 1.0 Transitional//EN"
    "http://www.w3.org/TR/xhtml1/DTD/xhtml1-transitional.dtd">
<html xmlns="http://www.w3.org/1999/xhtml" xml:lang="en" lang="en">
 <head>
  <title>
</title>
<meta http-equiv="Content-Type" content="text/html;charset=utf-8" />
  <meta name='ocr-system' content='tesseract 3.04.00' />
  <meta name='ocr-capabilities' content='ocr_page ocr_carea ocr_par ocr_line ocrx_word'/>
</head>
<body>
  <div class='ocr_page' id='page_1' title='image "./prodromvscorpor00loewgoog/prodromvscorpor00loewgoog_0151.png"; bbox 0 0 3216 5126; ppageno 0'>
   <div class='ocr_carea' id='block_1_1' title="bbox 700 298 940 364">
    <p class='ocr_par' dir='ltr' id='par_1_1' title="bbox 700 298 940 364">
     <span class='ocr_line' id='line_1_1' title="bbox 700 298 940 364; baseline 0 0"><span class='ocrx_word' id='word_1_1' title='bbox 700 298 940 364; x_wconf 82' lang='lat'>-130-</span> 
     </span>
    </p>
   </div>
   <div class='ocr_carea' id='block_1_2' title="bbox 502 474 1240 528">
    <p class='ocr_par' dir='ltr' id='par_1_2' title="bbox 502 474 1240 528">
     <span class='ocr_line' id='line_1_2' title="bbox 502 474 1240 528; baseline 0.001 -2"><span class='ocrx_word' id='word_1_2' title='bbox 502 474 543 527; x_wconf 93' lang='lat' dir='ltr'><strong>in·</strong></span> <span class='ocrx_word' id='word_1_3' title='bbox 618 475 657 528; x_wconf 81' lang='lat' dir='ltr'><strong>lu·</strong></span> <span class='ocrx_word' id='word_1_4' title='bbox 737 475 773 528; x_wconf 88' lang='lat' dir='ltr'><strong>ei·</strong></span> <span class='ocrx_word' id='word_1_5' title='bbox 851 475 891 528; x_wconf 83' lang='lat' dir='ltr'><strong>fa·</strong></span> <span class='ocrx_word' id='word_1_6' title='bbox 968 492 1013 528; x_wconf 87' lang='lat' dir='ltr'><strong>cn·</strong></span> <span class='ocrx_word' id='word_1_7' title='bbox 1079 475 1126 528; x_wconf 90' lang='lat' dir='ltr'><strong>de·</strong></span> <span class='ocrx_word' id='word_1_8' title='bbox 1197 491 1240 527; x_wconf 84' lang='lat' dir='ltr'><strong>ee-</strong></span> 
     </span>
    </p>
   </div>
   <div class='ocr_carea' id='block_1_3' title="bbox 383 848 1235 916">
    <p class='ocr_par' dir='ltr' id='par_1_3' title="bbox 383 848 1235 916">
     <span class='ocr_line' id='line_1_3' title="bbox 383 848 1235 916; baseline 0 -15"><span class='ocrx_word' id='word_1_9' title='bbox 383 854 885 902; x_wconf 67' lang='grc'><strong>6666616411</strong></span> <span class='ocrx_word' id='word_1_10' title='bbox 987 848 1235 916; x_wconf 61' lang='lat' dir='ltr'><strong>mene</strong></span> 
     </span>
    </p>
   </div>
   <div class='ocr_carea' id='block_1_4' title="bbox 355 941 1271 949">
    <p class='ocr_par' dir='ltr' id='par_1_4' title="bbox 355 941 1271 949">
     <span class='ocr_line' id='line_1_4' title="bbox 355 941 1271 949; baseline -0.001 -1"><span class='ocrx_word' id='word_1_11' title='bbox 355 943 460 949; x_wconf 79' lang='grc'><strong>--.-</strong></span> <span class='ocrx_word' id='word_1_12' title='bbox 590 941 1271 949; x_wconf 36' lang='grc' dir='ltr'><strong>-ῇ--ψ--ἡ--ῇ</strong></span> 
     </span>
    </p>
   </div>
   <div class='ocr_carea' id='block_1_5' title="bbox 383 972 1262 1040">
    <p class='ocr_par' dir='ltr' id='par_1_5' title="bbox 383 972 1262 1040">
     <span class='ocr_line' id='line_1_5' title="bbox 383 972 1262 1040; baseline 0 -14"><span class='ocrx_word' id='word_1_13' title='bbox 383 972 1262 1040; x_wconf 78' lang='lat' dir='ltr'><strong>o146123177)</strong></span> 
     </span>
    </p>
   </div>
   <div class='ocr_carea' id='block_1_6' title="bbox 247 2130 1395 2428">
    <p class='ocr_par' dir='ltr' id='par_1_6' title="bbox 247 2130 1395 2428">
     <span class='ocr_line' id='line_1_6' title="bbox 247 2130 1395 2215; baseline 0 -19"><span class='ocrx_word' id='word_1_14' title='bbox 247 2130 347 2196; x_wconf 82' lang='lat' dir='ltr'><strong>Vides</strong></span> <span class='ocrx_word' id='word_1_15' title='bbox 371 2131 532 2215; x_wconf 68' lang='lat' dir='ltr'><strong>integram</strong></span> <span class='ocrx_word' id='word_1_16' title='bbox 555 2131 821 2194; x_wconf 72' lang='lat' dir='ltr'><strong>terminationum</strong></span> <span class='ocrx_word' id='word_1_17' title='bbox 845 2130 951 2213; x_wconf 81' lang='lat' dir='ltr'><strong>legem</strong></span> <span class='ocrx_word' id='word_1_18' title='bbox 973 2150 1055 2192; x_wconf 82' lang='lat' dir='ltr'><strong>esse:</strong></span> <span class='ocrx_word' id='word_1_19' title='bbox 1078 2150 1111 2192; x_wconf 88' lang='lat' dir='ltr'><strong>-u</strong></span> <span class='ocrx_word' id='word_1_20' title='bbox 1134 2150 1198 2192; x_wconf 84' lang='grc'><strong>-666</strong></span> <span class='ocrx_word' id='word_1_21' title='bbox 1222 2151 1272 2194; x_wconf 71' lang='lat' dir='ltr'><strong>us</strong></span> <span class='ocrx_word' id='word_1_22' title='bbox 1293 2152 1322 2195; x_wconf 88' lang='lat'><strong>-0</strong></span> <span class='ocrx_word' id='word_1_23' title='bbox 1346 2151 1395 2195; x_wconf 84' lang='lat' dir='ltr'><strong>-as</strong></span> 
     </span>
     <span class='ocr_line' id='line_1_7' title="bbox 248 2234 1393 2320; baseline -0.002 -17.977"><span class='ocrx_word' id='word_1_24' title='bbox 248 2259 297 2302; x_wconf 79' lang='grc'><strong>-66</strong></span> <span class='ocrx_word' id='word_1_25' title='bbox 318 2260 363 2304; x_wconf 77' lang='lat' dir='ltr'><strong>-er</strong></span> <span class='ocrx_word' id='word_1_26' title='bbox 384 2259 435 2301; x_wconf 82' lang='lat' dir='ltr'><strong>-ur</strong></span> <span class='ocrx_word' id='word_1_27' title='bbox 458 2239 498 2300; x_wconf 82' lang='lat' dir='ltr'><strong>-is</strong></span> <span class='ocrx_word' id='word_1_28' title='bbox 519 2257 554 2300; x_wconf 83' lang='grc'><strong>-66</strong></span> <span class='ocrx_word' id='word_1_29' title='bbox 576 2257 658 2300; x_wconf 72' lang='grc'><strong>666-</strong></span> <span class='ocrx_word' id='word_1_30' title='bbox 649 2257 706 2300; x_wconf 80' lang='grc'><strong>-.66</strong></span> <span class='ocrx_word' id='word_1_31' title='bbox 748 2235 793 2299; x_wconf 81' lang='lat' dir='ltr'><strong>At</strong></span> <span class='ocrx_word' id='word_1_32' title='bbox 780 2241 855 2319; x_wconf 82' lang='lat' dir='ltr'><strong>tque</strong></span> <span class='ocrx_word' id='word_1_33' title='bbox 880 2236 913 2299; x_wconf 90' lang='lat' dir='ltr'><strong>iu</strong></span> <span class='ocrx_word' id='word_1_34' title='bbox 936 2234 988 2298; x_wconf 84' lang='lat' dir='ltr'><strong>his</strong></span> <span class='ocrx_word' id='word_1_35' title='bbox 1012 2235 1141 2318; x_wconf 90' lang='lat' dir='ltr'><strong>quidem</strong></span> <span class='ocrx_word' id='word_1_36' title='bbox 1164 2238 1393 2320; x_wconf 81' lang='lat' dir='ltr'><strong>componendis</strong></span> 
     </span>
     <span class='ocr_line' id='line_1_8' title="bbox 247 2342 1395 2428; baseline -0.002 -20"><span class='ocrx_word' id='word_1_37' title='bbox 247 2345 352 2410; x_wconf 89' lang='lat' dir='ltr'><strong>denuo</strong></span> <span class='ocrx_word' id='word_1_38' title='bbox 376 2346 482 2428; x_wconf 88' lang='lat' dir='ltr'><strong>legem</strong></span> <span class='ocrx_word' id='word_1_39' title='bbox 507 2344 614 2407; x_wconf 78' lang='lat' dir='ltr'><strong>velere</strong></span> <span class='ocrx_word' id='word_1_40' title='bbox 639 2343 889 2425; x_wconf 72' lang='lat' dir='ltr'><strong>animadverieS‚</strong></span> <span class='ocrx_word' id='word_1_41' title='bbox 913 2342 941 2405; x_wconf 85' lang='lat' dir='ltr'><strong>si</strong></span> <span class='ocrx_word' id='word_1_42' title='bbox 965 2363 1046 2425; x_wconf 83' lang='lat' dir='ltr'><strong>quae</strong></span> <span class='ocrx_word' id='word_1_43' title='bbox 1070 2343 1296 2427; x_wconf 83' lang='lat' dir='ltr'><strong>coniungenda</strong></span> <span class='ocrx_word' id='word_1_44' title='bbox 1320 2348 1395 2407; x_wconf 76' lang='lat' dir='ltr'><strong>sunt</strong></span> 
     </span>
    </p>
   </div>
   <div class='ocr_carea' id='block_1_7' title="bbox 248 2451 1067 2637">
    <p class='ocr_par' dir='ltr' id='par_1_7' title="bbox 248 2451 1019 2637">
     <span class='ocr_line' id='line_1_9' title="bbox 248 2451 466 2516; baseline 0 -2"><span class='ocrx_word' id='word_1_45' title='bbox 248 2451 466 2516; x_wconf 70' lang='lat' dir='ltr'><strong>coniunxerint</strong></span> 
     </span>
     <span class='ocr_line' id='line_1_10' title="bbox 553 2554 1067 2637; baseline -0.004 -19"><span class='ocrx_word' id='word_1_46' title='bbox 553 2578 586 2618; x_wconf 80' lang='grc'><strong>-6</strong></span> <span class='ocrx_word' id='word_1_47' title='bbox 609 2603 740 2620; x_wconf 89' lang='grc'><strong>.....</strong></span> <span class='ocrx_word' id='word_1_48' title='bbox 763 2554 870 2637; x_wconf 83' lang='lat' dir='ltr'><strong>prima</strong></span> <span class='ocrx_word' id='word_1_49' title='bbox 892 2554 1067 2618; x_wconf 80' lang='lat' dir='ltr'><strong>deelinaiio</strong></span> 
     </span>
    </p>
   </div>
   <div class='ocr_carea' id='block_1_8' title="bbox 551 2685 1057 3789">
    <p class='ocr_par' dir='ltr' id='par_1_8' title="bbox 551 2685 1057 3469">
     <span class='ocr_line' id='line_1_11' title="bbox 552 2685 621 2726; baseline -0.014 0"><span class='ocrx_word' id='word_1_50' title='bbox 552 2685 621 2726; x_wconf 91' lang='lat' dir='ltr'><strong>-um</strong></span> 
     </span>
     <span class='ocr_line' id='line_1_12' title="bbox 552 2792 602 2833; baseline 0.02 -1"><span class='ocrx_word' id='word_1_51' title='bbox 552 2792 602 2833; x_wconf 84' lang='lat' dir='ltr'><strong>-us</strong></span> 
     </span>
     <span class='ocr_line' id='line_1_13' title="bbox 555 2898 586 2939; baseline 0 0"><span class='ocrx_word' id='word_1_52' title='bbox 555 2898 586 2939; x_wconf 95' lang='lat' dir='ltr'><strong>-o</strong></span> 
     </span>
     <span class='ocr_line' id='line_1_14' title="bbox 551 3004 599 3045; baseline 0 0"><span class='ocrx_word' id='word_1_53' title='bbox 551 3004 599 3045; x_wconf 84' lang='grc'><strong>-66</strong></span> 
     </span>
     <span class='ocr_line' id='line_1_15' title="bbox 553 3109 602 3151; baseline 0.02 -1"><span class='ocrx_word' id='word_1_54' title='bbox 553 3109 602 3151; x_wconf 84' lang='lat' dir='ltr'><strong>-or</strong></span> 
     </span>
     <span class='ocr_line' id='line_1_16' title="bbox 552 3216 599 3259; baseline 0.064 -3"><span class='ocrx_word' id='word_1_55' title='bbox 552 3216 599 3259; x_wconf 87' lang='lat' dir='ltr'><strong>-er</strong></span> 
     </span>
     <span class='ocr_line' id='line_1_17' title="bbox 551 3297 1057 3365; baseline -0.008 0"><span class='ocrx_word' id='word_1_56' title='bbox 551 3323 603 3365; x_wconf 90' lang='lat' dir='ltr'><strong>-ur</strong></span> <span class='ocrx_word' id='word_1_57' title='bbox 669 3346 676 3360; x_wconf 93' lang='lat'><strong>.</strong></span> <span class='ocrx_word' id='word_1_58' title='bbox 700 3346 707 3360; x_wconf 93' lang='lat'><strong>.</strong></span> <span class='ocrx_word' id='word_1_59' title='bbox 731 3346 738 3360; x_wconf 90' lang='lat'>.</span> <span class='ocrx_word' id='word_1_60' title='bbox 761 3297 860 3361; x_wconf 71' lang='lat' dir='ltr'><strong>teriia</strong></span> <span class='ocrx_word' id='word_1_61' title='bbox 884 3297 1057 3361; x_wconf 71' lang='lat' dir='ltr'>declinatio</span> 
     </span>
     <span class='ocr_line' id='line_1_18' title="bbox 552 3407 591 3469; baseline 0 0"><span class='ocrx_word' id='word_1_62' title='bbox 552 3407 591 3469; x_wconf 82' lang='lat' dir='ltr'><strong>-is</strong></span> 
     </span>
    </p>

    <p class='ocr_par' dir='ltr' id='par_1_9' title="bbox 551 3537 584 3576">
     <span class='ocr_line' id='line_1_19' title="bbox 551 3537 584 3576; baseline 0 0"><span class='ocrx_word' id='word_1_63' title='bbox 551 3537 584 3576; x_wconf 84' lang='lat' dir='ltr'><strong>-x</strong></span> 
     </span>
    </p>

    <p class='ocr_par' dir='ltr' id='par_1_10' title="bbox 551 3642 601 3682">
     <span class='ocr_line' id='line_1_20' title="bbox 551 3642 601 3682; baseline 0 0"><span class='ocrx_word' id='word_1_64' title='bbox 551 3642 601 3682; x_wconf 86' lang='lat' dir='ltr'><strong>-ns</strong></span> 
     </span>
    </p>

    <p class='ocr_par' dir='ltr' id='par_1_11' title="bbox 552 3747 607 3789">
     <span class='ocr_line' id='line_1_21' title="bbox 552 3747 607 3789; baseline -0.018 0"><span class='ocrx_word' id='word_1_65' title='bbox 552 3747 607 3789; x_wconf 88' lang='lat' dir='ltr'><strong>-en</strong></span> 
     </span>
    </p>
   </div>
   <div class='ocr_carea' id='block_1_9' title="bbox 672 2713 1098 2778">
    <p class='ocr_par' dir='ltr' id='par_1_12' title="bbox 672 2713 1098 2778">
     <span class='ocr_line' id='line_1_22' title="bbox 672 2713 1098 2778; baseline -0.005 0"><span class='ocrx_word' id='word_1_66' title='bbox 672 2763 709 2778; x_wconf 88' lang='lat'><strong>..</strong></span> <span class='ocrx_word' id='word_1_67' title='bbox 733 2766 739 2778; x_wconf 92' lang='lat'><em>.</em></span> <span class='ocrx_word' id='word_1_68' title='bbox 764 2714 903 2778; x_wconf 80' lang='lat' dir='ltr'><strong>seeundo</strong></span> <span class='ocrx_word' id='word_1_69' title='bbox 926 2713 1098 2778; x_wconf 77' lang='lat' dir='ltr'><strong>declinatio</strong></span> 
     </span>
    </p>
   </div>
   <div class='ocr_carea' id='block_1_10' title="bbox 246 3864 1391 4057">
    <p class='ocr_par' dir='ltr' id='par_1_13' title="bbox 246 3864 1391 4057">
     <span class='ocr_line' id='line_1_23' title="bbox 246 3864 1391 3951; baseline -0.003 -18"><span class='ocrx_word' id='word_1_70' title='bbox 246 3867 389 3951; x_wconf 83' lang='lat' dir='ltr'><strong>Longius</strong></span> <span class='ocrx_word' id='word_1_71' title='bbox 423 3866 522 3931; x_wconf 72' lang='lat' dir='ltr'><strong>etiem</strong></span> <span class='ocrx_word' id='word_1_72' title='bbox 553 3864 705 3948; x_wconf 81' lang='lat' dir='ltr'><strong>progredi</strong></span> <span class='ocrx_word' id='word_1_73' title='bbox 738 3864 885 3946; x_wconf 84' lang='lat' dir='ltr'><strong>quamvis</strong></span> <span class='ocrx_word' id='word_1_74' title='bbox 922 3864 1098 3947; x_wconf 84' lang='lat' dir='ltr'><strong>possimus,</strong></span> <span class='ocrx_word' id='word_1_75' title='bbox 1135 3887 1201 3928; x_wconf 91' lang='lat' dir='ltr'><strong>non</strong></span> <span class='ocrx_word' id='word_1_76' title='bbox 1238 3865 1391 3930; x_wconf 79' lang='lat' dir='ltr'><strong>audemus</strong></span> 
     </span>
     <span class='ocr_line' id='line_1_24' title="bbox 246 3971 1390 4057; baseline -0.003 -19"><span class='ocrx_word' id='word_1_77' title='bbox 246 3979 371 4057; x_wconf 78' lang='lat' dir='ltr'><strong>tamen,</strong></span> <span class='ocrx_word' id='word_1_78' title='bbox 394 3995 428 4037; x_wconf 89' lang='lat' dir='ltr'><strong>re</strong></span> <span class='ocrx_word' id='word_1_79' title='bbox 453 3973 623 4038; x_wconf 87' lang='lat' dir='ltr'><strong>admodum</strong></span> <span class='ocrx_word' id='word_1_80' title='bbox 648 3971 774 4036; x_wconf 83' lang='lat' dir='ltr'><strong>lubriou</strong></span> <span class='ocrx_word' id='word_1_81' title='bbox 797 3973 838 4035; x_wconf 89' lang='lat' dir='ltr'><strong>ob</strong></span> <span class='ocrx_word' id='word_1_82' title='bbox 862 3971 1075 4035; x_wconf 81' lang='lat' dir='ltr'><strong>concludendi</strong></span> <span class='ocrx_word' id='word_1_83' title='bbox 1099 3973 1255 4035; x_wconf 76' lang='lat' dir='ltr'><strong>materiae</strong></span> <span class='ocrx_word' id='word_1_84' title='bbox 1279 3972 1390 4035; x_wconf 88' lang='lat' dir='ltr'><strong>ieiuni-</strong></span> 
     </span>
    </p>
   </div>
   <div class='ocr_carea' id='block_1_11' title="bbox 321 4147 1004 4219">
    <p class='ocr_par' dir='ltr' id='par_1_14' title="bbox 321 4147 1004 4219">
     <span class='ocr_line' id='line_1_25' title="bbox 321 4147 1004 4219; baseline -0.006 -17"><span class='ocrx_word' id='word_1_85' title='bbox 321 4149 340 4219; x_wconf 85' lang='grc'><strong>1)</strong></span> <span class='ocrx_word' id='word_1_86' title='bbox 360 4148 507 4216; x_wconf 72' lang='lat' dir='ltr'><strong>Obstuip</strong></span> <span class='ocrx_word' id='word_1_87' title='bbox 527 4153 587 4216; x_wconf 79' lang='lat'>342,</span> <span class='ocrx_word' id='word_1_88' title='bbox 603 4154 636 4201; x_wconf 84' lang='lat'><strong>32</strong></span> <span class='ocrx_word' id='word_1_89' title='bbox 658 4147 877 4216; x_wconf 66' lang='lat' dir='ltr'><strong>‘ingennuturw</strong></span> <span class='ocrx_word' id='word_1_90' title='bbox 897 4147 1004 4200; x_wconf 81' lang='lat' dir='ltr'><strong>sanne&#39;.</strong></span> 
     </span>
    </p>
   </div>
   <div class='ocr_carea' id='block_1_12' title="bbox 320 4237 1428 4484">
    <p class='ocr_par' dir='ltr' id='par_1_15' title="bbox 320 4237 1428 4484">
     <span class='ocr_line' id='line_1_26' title="bbox 321 4237 681 4307; baseline -0.003 -16"><span class='ocrx_word' id='word_1_91' title='bbox 321 4237 341 4307; x_wconf 75' lang='lat'><strong>²)</strong></span> <span class='ocrx_word' id='word_1_92' title='bbox 361 4237 463 4292; x_wconf 75' lang='lat' dir='ltr'><strong>obstat</strong></span> <span class='ocrx_word' id='word_1_93' title='bbox 484 4237 681 4295; x_wconf 79' lang='lat' dir='ltr'><strong>‘curriculum’</strong></span> 
     </span>
     <span class='ocr_line' id='line_1_27' title="bbox 320 4323 1428 4395; baseline -0.004 -15"><span class='ocrx_word' id='word_1_94' title='bbox 320 4325 340 4395; x_wconf 85' lang='lat'><strong>³)</strong></span> <span class='ocrx_word' id='word_1_95' title='bbox 359 4325 498 4380; x_wconf 87' lang='lat' dir='ltr'><strong>Nimirum</strong></span> <span class='ocrx_word' id='word_1_96' title='bbox 518 4345 543 4395; x_wconf 90' lang='lat' dir='ltr'><strong>p.</strong></span> <span class='ocrx_word' id='word_1_97' title='bbox 564 4333 624 4395; x_wconf 78' lang='lat'>291,</span> <span class='ocrx_word' id='word_1_98' title='bbox 640 4331 674 4378; x_wconf 82' lang='lat'><strong>54</strong></span> <span class='ocrx_word' id='word_1_99' title='bbox 694 4325 868 4378; x_wconf 75' lang='lat' dir='ltr'><strong>‘oudooutur&#39;</strong></span> <span class='ocrx_word' id='word_1_100' title='bbox 892 4323 922 4376; x_wconf 95' lang='lat' dir='ltr'><strong>in</strong></span> <span class='ocrx_word' id='word_1_101' title='bbox 943 4324 1130 4378; x_wconf 79' lang='lat' dir='ltr'><strong>‘caduceator&#39;</strong></span> <span class='ocrx_word' id='word_1_102' title='bbox 1155 4325 1320 4378; x_wconf 76' lang='lat' dir='ltr'><strong>mutandum</strong></span> <span class='ocrx_word' id='word_1_103' title='bbox 1340 4327 1389 4378; x_wconf 75' lang='lat' dir='ltr'><strong>est.</strong></span> <span class='ocrx_word' id='word_1_104' title='bbox 1427 4368 1428 4376; x_wconf 69' lang='grc'>,</span> 
     </span>
     <span class='ocr_line' id='line_1_28' title="bbox 331 4419 340 4484; baseline 0 0"><span class='ocrx_word' id='word_1_105' title='bbox 331 4419 340 4484; x_wconf 89' lang='grc'>)</span> 
     </span>
    </p>
   </div>
   <div class='ocr_carea' id='block_1_13' title="bbox 319 4414 1110 4482">
    <p class='ocr_par' dir='ltr' id='par_1_16' title="bbox 319 4414 1110 4482">
     <span class='ocr_line' id='line_1_29' title="bbox 319 4414 1110 4482; baseline 0 -15"><span class='ocrx_word' id='word_1_106' title='bbox 319 4415 330 4444; x_wconf 81' lang='lat'>⁴</span> <span class='ocrx_word' id='word_1_107' title='bbox 361 4414 490 4468; x_wconf 73' lang='lat' dir='ltr'><strong>‘febeuot</strong></span> <span class='ocrx_word' id='word_1_108' title='bbox 510 4415 604 4468; x_wconf 80' lang='lat' dir='ltr'><strong>sordes</strong></span> <span class='ocrx_word' id='word_1_109' title='bbox 623 4414 742 4467; x_wconf 85' lang='lat' dir='ltr'><strong>aurium’</strong></span> <span class='ocrx_word' id='word_1_110' title='bbox 764 4415 860 4482; x_wconf 78' lang='lat' dir='ltr'><strong>aperie</strong></span> <span class='ocrx_word' id='word_1_111' title='bbox 880 4416 1041 4481; x_wconf 79' lang='lat' dir='ltr'><strong>corruptum</strong></span> <span class='ocrx_word' id='word_1_112' title='bbox 1060 4416 1110 4467; x_wconf 79' lang='lat' dir='ltr'><strong>est.</strong></span> 
     </span>
    </p>
   </div>
   <div class='ocr_carea' id='block_1_14' title="bbox 0 0 1612 5126">
    <p class='ocr_par' dir='ltr' id='par_1_17' title="bbox 0 0 1612 5126">
     <span class='ocr_line' id='line_1_30' title="bbox 0 0 1612 5126; baseline 0 4"><span class='ocrx_word' id='word_1_113' title='bbox 0 0 1612 5126; x_wconf 95' lang='lat' dir='ltr'><strong> </strong></span> 
     </span>
    </p>
   </div>
  </div>
 </body>
</html>
