3216 5126
732 328 970 394 —142-

285 493 394 552 autem
409 491 442 552 et
453 486 675 571 Sangallensis
686 490 751 552 912
766 490 961 575 glossarium
976 489 1123 572 proxima
1136 489 1307 554 intercedit
1320 511 1428 555 neces-

285 595 401 659 situdo
438 593 610 680 Compara,
634 618 715 680 quae
735 618 772 658 ex
791 599 926 680 utroque
945 595 1035 660 fonte
1053 595 1156 678 petita
1175 597 1427 680 composuimus:

404 717 462 772 cod.
482 717 625 771 Leidensis
646 717 722 771 191³:
973 717 1033 772 cod.
1053 717 1243 787 sangallensis
1261 725 1325 773 912:

284 824 378 878 Abas:
397 823 508 877 infirma
526 824 624 877 domus
871 842 897 892 p.
943 825 1088 878 4Abaso:
1106 824 1216 878 infirma
1234 826 1332 881 domus

284 912 376 965 Aluus
395 911 471 980 polix
489 911 518 964 11
537 912 608 980 pede
871 931 897 981 p.
927 917 960 966 18
979 914 1072 967 Aluxz
1090 914 1184 982 pollex
1201 915 1231 968 in
1249 915 1320 984 pede

284 999 415 1054 Arseriat
434 1017 483 1054 vas
502 1000 641 1055 vinarium
871 1020 897 1070 p.
925 1008 960 1056 25
979 1001 1111 1056 Arteria:
1131 1019 1181 1056 uas
1199 1003 1346 1072 uinarium,
1366 1022 1427 1058 cum

1013 1106 1067 1158 quo
1082 1091 1178 1144 uinum
1192 1091 1228 1145 ad
1243 1108 1305 1146 arae
1321 1093 1429 1147 ferebat

283 1177 522 1231 Discernioulum:
538 1179 731 1231 ornamentum
742 1179 842 1246 capitis
871 1197 897 1246 p.
926 1185 959 1232 83
979 1178 1216 1234 011111111111111
1235 1183 1427 1234 ornamentum

319 1266 466 1319 mulierum
1013 1268 1099 1335 capiti
1117 1268 1265 1322 mulierum

284 1355 472 1409 Exvertuam:
492 1371 598 1423 pauper
616 1355 706 1409 factus
725 1375 784 1409 sum
870 1374 897 1424 p.
926 1361 959 1410 98
978 1357 1187 1424 Exumptuaui:
1210 1374 1317 1426 pauper
1339 1358 1429 1412 factus

853 1443 855 1447 ’
1013 1463 1074 1498 suin

283 1531 407 1585 Iocimas
426 1532 533 1586 viscera
871 1552 897 1602 p.
910 1539 960 1588 126
980 1533 1124 1588 Iocinoraz
1143 1534 1249 1588 uiscera

375 1657 437 1723 Sed
460 1681 526 1724 non
550 1660 639 1724 deest
662 1659 696 1722 ni
713 1659 817 1731 ¹fallor
846 1664 978 1744 quartus
1007 1661 1178 1724 earundem
1204 1661 1309 1725 bonae
1332 1666 1429 1726 notae

286 1766 467 1847 glossarum
490 1767 573 1830 fons
610 1765 880 1830 Montefalconius
905 1767 992 1830 enim
1016 1767 1050 1830 in
1073 1766 1289 1831 bibliothecae
1312 1769 1429 1832 biblio·

285 1872 453 1936 thecarum
473 1873 527 1937 11
545 1873 677 1937 Parisiis
698 1897 725 1937 a.
744 1873 827 1937 1139
852 1871 898 1937 ed.
917 1896 947 1956 p.
962 1874 1053 1937 alea
1072 1896 1089 1936 e
1109 1875 1268 1958 glossario
1288 1875 1429 1958 quodam

285 1975 491 2043 Oasinensi
515 1984 666 2062 excerpta
687 1979 839 2063 protulit,
863 2001 1000 2063 quorum
1023 1980 1058 2043 in
1081 1980 1186 2063 prima
1208 1978 1333 2066 parte¹)
1357 2003 1428 2063 per-

287 2086 391 2149 multa
414 2089 543 2150 exstant
567 2087 607 2149 ad
632 2108 684 2150 eas
709 2086 747 2148 de
771 2087 887 2169 quibus
911 2087 1072 2169 loquimur
1093 2087 1219 2169 glossas
1240 2089 1428 2170 spectantia.

409 2242 525 2297 Glossae
544 2243 718 2296 Oasinsnses:
871 2242 1428 2310 GlossaeVindobonensesetV0ssianae:

285 2349 423 2402 abencatt
444 2348 567 2403 eradicat
871 2350 1019 2403 abemeatz
1039 2349 1163 2404 eradicat
1182 2349 1246 2417 (Vi.)

200 2437 210 2453 ’
284 2436 412 2492 abellus=
432 2454 520 2506 agnus
539 2454 635 2491 recens
652 2440 734 2491 natus
870 2439 1013 2492 abellum=
1033 2456 1121 2508 agnus
1141 2455 1234 2492 recens
1253 2441 1335 2493 natus
1350 2440 1414 2510 (Vi.)

285 2526 444 2596 abigellust
465 2526 539 2594 quod
558 2525 634 2580 tollit
652 2543 710 2580 rem
729 2528 778 2580 aut
796 2523 842 2594 pe·
870 2527 1016 2596 abigeiusz
1041 2528 1089 2596 qui
1108 2527 1184 2581 tollit
1202 2544 1260 2582 rem
1279 2530 1328 2581 aut
1346 2545 1427 2596 pecu-

320 2614 424 2668 culium
443 2614 565 2668 alienum
905 2617 973 2670 lium
993 2618 1115 2670 alienum
1134 2615 1199 2684 (Vi.)

285 2703 417 2758 abundat
436 2703 530 2772 panici
549 2707 577 2758 et
595 2703 688 2758 mellei
707 2704 825 2772 folliculi
871 2705 1013 2760 ablunda:
1031 2705 1124 2773 panici
1144 2707 1172 2758 et
1192 2705 1286 2759 mellei
1310 2705 1429 2760 folliculi

906 2793 971 2861 (Vi.)

284 2880 398 2948 aripuss
417 2881 528 2950 gladius
546 2881 666 2936 falcatus
871 2882 984 2935 aribusz
1004 2882 1113 2951 gladius
1132 2882 1251 2936 falcatus
1270 2884 1335 2952 (Vi.)

285 2969 431 3024 arillatort
451 2970 480 3024 id
499 2973 541 3024 est
560 2973 697 3023 mercator
871 2970 1016 3023 arillator=
1035 2973 1172 3025 mercator
1191 2971 1263 3039 (Vc.)

285 3072 381 3112 aseer:
401 3057 514 3127 sanguis
532 3075 612 3111 cruor
871 3073 968 3112 ascens
987 3059 1099 3128 sanguis
1118 3076 1198 3114 cruor
1216 3059 1288 3129 (Vc.)

359 3288 379 3357 ¹)
399 3288 444 3342 Sic
462 3305 562 3356 nempe
580 3287 823 3342 Montefalconius:
850 3289 1077 3344 ‘Vocabularium
1095 3290 1203 3360 insigne
1223 3307 1358 3343 annorum
1377 3289 1427 3343 cir·

285 3377 354 3431 citer
373 3383 432 3431 700.
469 3376 572 3445 Incipit
591 3377 662 3429 abba
679 3393 753 3445 syre,
771 3393 865 3446 praece
879 3383 973 3446 pater,
992 3380 1077 3433 latiae
1094 3381 1207 3448 9111111.
1244 3379 1321 3434 Haec
1343 3378 1427 3432 selec-

283 3467 357 3520 tiora
375 3466 471 3519 notavi
491 3465 633 3534 [secuntur
649 3469 683 3516 30
698 3464 832 3534 glossae];
852 3467 973 3520 secunda
990 3473 1146 3530 11111100
1165 3485 1300 3521 annorum
1320 3467 1366 3536 [ex
1383 3465 1427 3519 his

285 3555 391 3607 multae
410 3555 446 3608 ad
466 3556 551 3621 μέτρα
572 3585 604 3592 -
624 3556 714 3609 emina
731 3557 803 3622 ciat,
827 3553 879 3609 otei
897 3585 930 3594 —
950 3557 1106 3625 spectantl3
1133 3557 1357 3625 secunda-manu
1376 3560 1427 3609 400

285 3661 420 3698 annorum
445 3644 545 3713 [paene
564 3660 658 3698 omnes
677 3644 713 3698 ad
736 3644 860 3713 pondera
882 3647 911 3698 et
934 3662 1077 3698 mensuras
1101 3645 1262 3714 spectantl'.
1301 3643 1427 3698 Ceterum

285 3732 419 3801 glossaria
438 3732 598 3786 Casinensia
616 3733 703 3802 digna
721 3734 832 3787 suntin
852 3749 923 3802 quae
943 3733 1100 3786 accuratius
1118 3733 1282 3802 inquiratur,
1301 3731 1427 3802 inprimis

285 3821 393 3877 codices
413 3827 463 3874 218
483 3822 581 3874 11402
602 3839 672 3875 saec.
692 3822 738 3890 IX,
758 3828 808 3876 401
829 3839 898 3876 saec.
918 3821 952 3888 X,
968 3828 1018 3876 217
1039 3825 1115 3889 (num
1132 3824 1203 3877 forte
1218 3820 1428 3876 Montefalconii

284 3911 385 3978 1111111)
404 3927 475 3964 saec.
488 3908 615 3961 XI—Xll
635 3909 745 3978 scripti,
765 3911 865 3979 quibus
885 3910 1011 3964 omnibus
1030 3911 1164 3978 glossaria
1182 3911 1319 3966 contineri
1337 3911 1393 3964 scio
1412 3927 1427 3963 e

284 3999 350 4052 libri
371 3998 553 4052 ‘bibliotheca
573 3996 730 4050 Casinensis
749 4016 798 4052 seu
817 3999 942 4052 codicum
961 4016 1024 4052 mss.
1045 3999 1094 4066 qui
1112 3999 1141 4052 in
1164 3988 1265 4053 talario
1285 3997 1427 4053 Casinensi

285 4088 464 4141 asservantur
483 4086 587 4140 series.
605 4127 610 4140 .
627 4086 649 4141 .'
670 4086 797 4154 inscripti
816 4090 836 4140 t.
851 4087 863 4138 I
883 4089 1091 4143 a.1873edito.
1123 4087 1214 4156 Ipsius
1233 4089 1327 4141 autem
1345 4086 1427 4140 huius

285 4175 412 4244 glossarii
432 4174 508 4228 cuius
521 4173 550 4226 in
565 4175 727 4228 memoriam
742 4193 815 4230 nunc
833 4176 1000 4244 inquirimus
1015 4176 1122 4230 codices
1140 4177 1169 4230 11
1187 4176 1360 4231 bibliotheca
1377 4176 1428 4229 illa

285 4266 393 4318 exstare
413 4264 458 4318 vel
472 4264 547 4316 certe
562 4263 700 4317 exstitisse
719 4265 855 4318 videntur.
883 4264 914 4315 11
935 4264 1076 4334 ‘catalogo
1096 4264 1170 4317 enim
1188 4283 1252 4319 mss.
1271 4283 1340 4334 quos
1358 4263 1425 4319 bibl.

286 4351 710 4406 Casinensishabebata.1532’
731 4353 804 4406 inter
822 4352 878 4405 alia
896 4353 966 4406 haec
984 4353 1122 4420 glossaria
1136 4356 1344 4407 enumerantur:
1365 4352 1425 4406 ‘lin

284 4441 442 4495 vocabulor.
463 4440 520 4496 sine
539 4441 655 4509 princip.
674 4441 758 4509 incip.
778 4459 796 4494 a
812 4442 838 4493 A
856 4442 919 4494 cox'
941 4441 989 4510 [cf.
1010 4441 1229 4495 Vindobonensis
1249 4443 1278 4494 et
1296 4441 1427 4495 Vaticani
