3216 5126
676 341 913 406 -131-

223 505 334 566 tatem.
375 501 448 566 Hoe
470 506 581 567 tamen
605 503 685 567 satis
709 506 831 567 eertum
860 501 903 566 sit
930 502 1006 584 post
1033 521 1082 564 -ea
1103 499 1367 582 terminationem

225 611 369 672 secutam
392 631 462 673 esse
485 630 522 672 -a

313 713 450 780 Deteeta
472 715 554 780 haeo
577 716 846 781 artificiosissima
864 714 1078 797 componendi
1101 715 1186 778 ratio
1209 736 1275 778 non
1298 713 1368 778 inu·

224 822 292 886 tilis
326 825 375 886 est
407 822 448 886 ad
485 822 718 886 emendandum
747 823 959 908 glossarium.
1003 819 1152 905 Namque
1188 820 1260 904 ipsa
1297 822 1369 905 lege
1445 907 1446 912 ἵ

225 929 414 1012 saepissime
438 930 619 994 ostenditur
643 932 700 993 aut
723 929 798 1013 quid
822 927 1025 993 scribendum
1045 928 1088 991 sit
1107 930 1163 990 aut
1181 929 1268 991 uerte
1287 949 1369 1011 quae

225 1036 354 1118 glossae
386 1040 557 1119 corruptae
590 1036 657 1099 sint
688 1035 828 1119 quidque
861 1033 1015 1098 substitui
1045 1032 1164 1115 possit,
1197 1031 1272 1116 quid
1302 1055 1367 1096 non

226 1141 314 1206 item.
358 1141 518 1225 Exempla
539 1164 642 1225 pauca
664 1164 857 1225 promemus.

313 1265 349 1330 P.
373 1265 436 1330 337
449 1290 496 1351 sq.
520 1265 678 1330 Oehlerus
702 1266 761 1330 has
786 1267 913 1350 glossas
937 1257 1050 1329 edidit:

438 1371 636 1455 Hospioida:
660 1373 848 1456 peregrinos
872 1371 1021 1436 occidens

405 1477 677 1544 5H0norarium=
702 1479 817 1542 merois
841 1501 923 1563 quae
948 1477 1045 1542 iudici
1069 1476 1163 1541 datur

438 1584 573 1650 Honus:
597 1586 625 1665 dl
649 1585 755 1650 honor
888 1575 891 1582 ¹

438 1692 590 1757 Hornus:
614 1693 788 1770 annotinus
813 1693 981 1757 anniculus

438 1798 591 1865 Holitor:
615 1799 764 1864 venditor
785 1797 935 1863 holerum

439 1905 653 1971 Homiliatio:
678 1905 864 1969 humanitas
888 1928 926 1968 ex
950 1904 1156 1989 inprudentia

387 2028 420 2076 10
438 2011 721 2076 Humiliamanus:
745 1992 846 2075 duerh
1131 1992 1135 2000 .

440 2101 667 2183 Humilitud0:
691 2116 857 2181 humilitas
943 2104 952 2122 ’

227 2223 327 2288 Vides
347 2223 531 2307 glossarum
551 2224 591 2287 ab
617 2223 670 2287 lm·
693 2223 917 2307 incipientium
940 2223 1185 2287 terminationes
1209 2222 1268 2286 has
1288 2245 1372 2286 esse:

227 2351 259 2392 -u
277 2351 342 2393 orm
361 2351 412 2394 -us
431 2352 480 2394 -or
498 2351 536 2394 -ο,
573 2330 714 2394 Attalis
737 2329 847 2412 potius
867 2330 1053 2411 postulatur
1072 2329 1165 2394 ordo:
1188 2351 1221 2392 -a
1240 2351 1306 2393 am
1324 2351 1373 2394 -us

226 2458 255 2501 -ο
278 2435 353 2520 (as)
383 2457 444 2519 -or,
473 2436 524 2499 oui
553 2436 629 2519 legi,
649 2436 728 2500 satis
755 2436 811 2499 fiet
835 2436 862 2499 si
885 2436 1061 2501 humiliatio
1084 2459 1142 2520 pro
1167 2435 1373 2500 ‘humiliatio'

228 2543 404 2625 scripseris.
440 2541 511 2606 Iam
530 2541 618 2626 vide,
637 2564 716 2606 num
735 2565 817 2627 quae
837 2546 988 2607 secuntur
1006 2543 1250 2608 terminationes
1275 2564 1305 2606 -o
1325 2563 1374 2607 aa

226 2669 256 2712 -o
279 2654 365 2713 reete
389 2671 423 2713 se
441 2647 599 2712 habeant:
623 2650 720 2730 atque
739 2648 786 2711 ibi
806 2669 933 2734 quoque
952 2651 1119 2714 turbatum
1138 2671 1208 2714 esse
1228 2649 1372 2736 ordinem

228 2761 371 2838 apparet.
388 2753 490 2838 Atqui
500 2775 572 2818 eum
582 2755 906 2836 interpretamentum
917 2755 962 2818 sit
972 2755 1261 2838 anglosaxonicam
1270 2756 1374 2832 doerit,

228 2860 261 2924 id
285 2866 334 2926 est
352 2865 499 2926 nostrum
513 2861 635 2944 Zarang,
660 2860 863 2924 scribendum
882 2864 932 2924 est
954 2862 1066 2945 proeul
1089 2862 1201 2926 dubio:
1225 2863 1372 2927 humilio:

227 2989 343 3046 muln,
369 2948 477 3051 demut,
505 2966 588 3030 unde
616 2972 683 3030 tres
711 2966 811 3030 habes
840 2968 881 3031 ab
905 2989 934 3031 -o
958 2969 1095 3050 glossas.
1142 2968 1235 3044 Quod
1263 2975 1373 3034 autem

228 3074 293 3138 Leo
316 3074 487 3158 proposuit
509 3073 656 3137 humilis:
679 3094 784 3137 nonas
805 3055 913 3158 damu,
942 3075 1004 3138 hoo
1028 3075 1079 3140 vel
1108 3076 1374 3141 terminationem

228 3181 299 3266 lege
323 3182 490 3245 refutatur.
528 3178 660 3243 Oehleri
683 3181 867 3266 coniectura
883 3183 1018 3263 promitio
1041 3182 1181 3245 fortasse
1204 3204 1268 3247 non
1294 3205 1374 3265 opus

229 3292 294 3372 est3
319 3289 357 3352 of.
381 3286 497 3371 Cyrilli
520 3309 550 3369 p.
574 3286 649 3371 545,
663 3287 705 3350 49
730 3287 875 3370 glossam
899 3289 1017 3352 vorot:
1040 3287 1178 3352 humilio.

317 3395 351 3457 P.
374 3393 511 3475 342,12
540 3392 624 3475 apud
653 3391 829 3456 Oehlerum
857 3393 936 3459 haee
964 3395 1119 3458 lemmata
1146 3395 1262 3460 habes:
1292 3397 1375 3460 imus

227 3502 409 3564 immodicus
431 3485 549 3564 iratres
570 3502 764 3564 immerentis
791 3503 933 3583 inpenso,
964 3500 1047 3565 unde
1074 3500 1154 3563 haec
1177 3502 1276 3564 series
1301 3525 1374 3566 eva-

229 3607 289 3671 dit:
317 3628 366 3670 eus
390 3628 438 3670 -ex
460 3627 506 3684 -o,
534 3629 615 3691 quae
642 3607 760 3670 vitiosa
786 3609 845 3670 est.
887 3606 1034 3690 Apparet
1061 3629 1121 3689 pro
1148 3607 1373 3672 ‘immerentia’

228 3713 433 3777 scribendum
456 3734 525 3776 esse
541 3711 767 3797 ‘inmerentia',
791 3735 887 3797 quam
903 3714 1095 3797 scripturam
1115 3714 1150 3777 in
1173 3714 1245 3797 ipso
1265 3716 1373 3778 codiee

228 3824 343 3903 postea
366 3819 502 3902 repperi.
1374 3884 1377 3892 .

317 3926 351 3992 P.
375 3927 440 3990 343
451 3949 498 4010 sq.
522 3927 703 4009 glossarum
733 3926 774 3990 ab
797 3927 844 3990 ia-
871 3925 1095 4008 insipientium
1125 3925 1178 3988 hio
1206 3925 1283 3990 ordo
1312 3929 1374 3990 est:

229 4055 262 4096 -o
284 4055 314 4097 -o
337 4053 403 4096 -am
425 4053 474 4096 ars
499 4053 545 4095 -or
568 4054 626 4110 -er,
658 4031 713 4094 ubi
744 4029 830 4114 quod
853 4051 882 4093 -o
911 4034 985 4095 ante
1013 4051 1079 4094 -um
1102 4053 1152 4095 us
1178 4031 1373 4097 collocatum

229 4143 280 4203 est
302 4160 367 4203 non
389 4141 498 4220 potest
520 4159 585 4201 non
609 4137 778 4201 offendere.
811 4136 899 4212 Quae
918 4138 1031 4200 turbas
1051 4142 1183 4202 movent
1206 4138 1267 4202 hae
1288 4140 1373 4222 glos-

229 4268 283 4310 sae
307 4248 396 4309 sunt:

570 4331 671 4416 lugo:
695 4333 758 4396 fine
782 4332 940 4396 montium

569 4437 670 4522 Iuga:
695 4444 728 4502 et
751 4439 869 4504 bovum
894 4439 1044 4503 dicuntur

1125 4540 1161 4596 9*
