3232 5122
692 279 937 345 -216-

246 443 393 530 quamvis
421 463 542 527 paucae
567 463 643 506 sane
671 443 797 505 exstare
824 439 1007 522 videantur,
1035 438 1125 503 velut
1154 437 1390 518 εὀιευνείδητοετ

122 556 126 572 “
245 547 461 615 inconsciens'
490 551 523 612 et
551 546 780 626 ‘denveronclct
804 544 1051 612 inconsciencia'
1075 567 1105 629 p.
1128 544 1203 625 400,
1218 545 1259 610 38
1284 547 1316 609 et
1340 545 1391 628 39,

246 661 356 724 tamen
387 652 601 726 Hildebrandi
633 653 693 719 illa
726 654 836 738 opinio
868 675 935 718 non
967 652 1196 735 comprobatur
1224 673 1274 736 eo,
1307 650 1392 735 quod

246 763 424 848 permultas
452 761 567 826 harum
596 757 744 844 ‘Cyrilli'
773 759 955 844 glossarum
978 780 1037 842 pro
1062 760 1148 821 certo
1178 757 1393 821 demonstrari

246 873 357 955 potest
384 869 476 934 olim
504 867 627 932 fuisse
654 867 958 951 latinograecas,
987 865 1116 930 inverso
1145 864 1273 928 demum
1296 863 1393 927 inter·

244 976 443 1072 pretamenti
484 977 517 1040 et
559 973 723 1038 lemmatis
761 973 873 1037 ordine
910 973 1052 1037 evasisse
1089 992 1231 1056 graecas.
1284 970 1392 1055 Atque
1497 1052 1501 1057 ι

247 1084 384 1148 latinam
417 1082 599 1166 glossarum
632 1083 757 1164 partem
788 1079 1002 1164 principalem
1033 1080 1070 1142 ut
1102 1078 1150 1142 ita
1186 1077 1290 1142 dicam
1324 1098 1393 1141 esse

237 1190 348 1254 etiam
380 1189 454 1253 inde
487 1191 634 1272 apparet,
667 1189 752 1273 quod
786 1187 981 1270 scriptorum
1015 1185 1079 1249 loci
1106 1188 1139 1248 et
1167 1183 1393 1248 adnotationes

248 1296 325 1360 illae
344 1294 575 1379 grammaticae
596 1294 637 1358 ad
659 1293 762 1359 latina
782 1294 943 1376 spectant,
961 1313 1028 1356 non
1046 1289 1087 1353 ad
1111 1310 1234 1374 graeca.
1273 1287 1334 1352 Sed
1357 1292 1395 1352 ut

250 1401 312 1466 hoc
330 1401 507 1484 mittamus,
525 1401 610 1466 ratio
629 1401 687 1464 illa
706 1422 803 1484 quam
822 1400 928 1465 valere
942 1397 1081 1462 diximus
1100 1395 1253 1460 facillime
1269 1417 1393 1460 sescen-

189 1491 195 1500 ’
250 1508 294 1572 tis
317 1506 437 1592 glossis
461 1507 667 1590 comprobari
689 1509 807 1591 potest.
855 1503 916 1569 cfr
1079 1498 1081 1504 ’

361 1635 392 1698 p.
412 1612 534 1698 558,1;
558 1613 577 1677 ὁ
597 1614 677 1692 πρὸ(
697 1613 824 1692 είδηρον
843 1612 988 1692 προθείς,
1012 1610 1030 1675 ὅ
1050 1612 1133 1676 ἐςτιν
1152 1609 1171 1673 ὁ
1191 1610 1394 1690 μονομάχοει

677 1723 863 1786 auctoratus

362 1851 393 1912 p.
412 1826 535 1911 558,4;
560 1825 579 1890 ὁ
602 1827 665 1906 πρὸ
688 1831 744 1905 τῆ(
768 1830 970 1907 παρεμβολή(
993 1826 1113 1892 τόποετ
1135 1826 1354 1911 procastrium

362 1955 392 2016 p.
412 1931 486 2016 558,
501 1931 535 1996 6:
559 1930 578 1997 ὁ
596 1932 661 2012 πρὸ
680 1935 745 1997 τῶν
764 1935 876 1996 πυλῶν
895 1931 1055 2012 πόλεμοετ
1081 1933 1243 1998 autarium
1266 1933 1397 2016 bellum,
1438 1921 1468 1946 “⁸

252 2040 308 2105 ubi
341 2061 379 2104 ex
406 2059 495 2104 more
529 2037 840 2125 glossographorum
873 2037 920 2103 sic
946 2039 1054 2121 potius
1083 2041 1182 2103 verba
1209 2039 1398 2104 collocanda

252 2145 353 2210 fuisse
376 2143 479 2210 vides:
1053 2205 1058 2210 .

478 2253 488 2269 ·
533 2236 741 2299 auctoratus:
766 2233 785 2297 ὁ
809 2283 815 2298 .
836 2283 841 2298 .
862 2283 868 2297 .
889 2283 895 2298 .
920 2232 1103 2330 μονομάχος

510 2342 517 2354 ’
531 2339 768 2424 procastrium:
793 2340 812 2404 ὁ
835 2340 1046 2406 ....τόποε
1249 2422 1254 2430 .

533 2445 695 2510 autarium
717 2446 860 2530 bellum:
884 2446 903 2510 ὁ
927 2497 933 2512 .
953 2497 959 2512 .
979 2497 985 2512 .
1006 2497 1013 2511 .
1037 2446 1186 2527 πόλεμος.
1323 2499 1326 2507 ,

179 2623 183 2628 .
249 2569 382 2656 ¹Similia
399 2569 539 2654 reperies
554 2592 584 2653 p.
594 2570 670 2656 460,
685 2569 741 2654 393
759 2569 833 2655 551,
846 2572 989 2655 10-17;
1010 2571 1083 2656 554,
1094 2570 1239 2656 52-55,
1259 2571 1333 2659 587,
1343 2575 1399 2658 383

209 2723 210 2727 ,
255 2677 341 2742 alibi.
379 2677 467 2754 Quae
482 2698 554 2741 eum
569 2677 617 2740 ita
633 2677 712 2761 sint,
728 2673 868 2762 ‘cyrilli'
884 2677 1026 2762 corporis
1043 2678 1153 2761 aliqua
1167 2699 1242 2761 pars
1259 2680 1298 2744 ad
1313 2681 1399 2764 glos-

255 2784 342 2849 saria
354 2779 577 2869 latinograeca
589 2781 757 2849 referenda
768 2787 825 2848 est.
849 2783 973 2848 Eadem
985 2787 1091 2848 autem
1101 2784 1140 2848 de
1151 2785 1400 2852 causaLabbaei

255 2911 335 2974 quae
363 2911 439 2956 mox
470 2890 687 2956 describemus
716 2890 878 2974 glossaria
904 2889 1082 2955 utilissima
1105 2893 1193 2954 sunt:
1221 2891 1257 2954 in
1283 2892 1399 2958 horum

255 2997 342 3061 enim
359 3001 486 3082 partem
505 2997 766 3082 latinograecam*
782 3018 894 3068 omnes
910 2996 1050 3082 ‘cyrilli'
1070 2998 1197 3083 glossas
1216 3003 1399 3081 permutato

254 3104 443 3170 lemmatum
463 3110 496 3171 et
513 3105 876 3190 interpretamentorum
895 3105 1019 3189 ordine,
1041 3104 1104 3170 hoo
1128 3108 1180 3170 est
1198 3105 1225 3168 si
1244 3127 1312 3170 rem
1332 3130 1401 3191 spe-

256 3213 380 3276 ctamus
399 3233 518 3298 magna
533 3233 571 3276 ex
590 3215 682 3296 parte
696 3233 772 3277 vero
788 3216 820 3276 et
834 3212 972 3296 pristino
988 3212 1113 3297 ordine,
1131 3216 1276 3296 receptas
1291 3213 1401 3279 habes.

345 3317 375 3385 5.
406 3317 559 3388 Nondum
592 3319 766 3384 observata
799 3322 849 3384 est
879 3341 947 3384 non
978 3341 1080 3402 parva
1111 3320 1227 3384 lacuna
1254 3319 1288 3384 in
1315 3320 1400 3384 edito

257 3423 394 3510 ‘cyrilli’
418 3427 577 3511 glossario
608 3427 693 3492 inter
716 3449 746 3510 p.
770 3428 845 3514 374,
864 3429 906 3493 32
930 3431 963 3492 et
986 3426 1029 3491 34
1051 3426 1156 3491 hians.
1201 3425 1288 3490 Fieri
1316 3427 1401 3492 enim

256 3553 323 3599 uon
345 3534 454 3617 potest
478 3532 557 3616 quin
579 3533 664 3598 inter
687 3533 785 3598 hasce
809 3534 953 3619 glossas:

315 3633 319 3640 ¹
390 3635 498 3705 Ἄλιξε
522 3638 575 3706 hic
599 3639 685 3705 Alix.
709 3640 919 3726 singulariter
941 3644 1070 3706 tantum
1094 3640 1307 3706 declinabitur

391 3742 602 3882 Ἀνδροχνηιι
612 3746 760 3831 portacia

257 3956 447 4028 grammatici,
470 3957 491 4012 ii
513 3956 543 4012 id
565 3956 635 4012 mihi
658 3957 749 4010 minus
772 3957 861 4027 egisse
884 3957 1014 4013 videntur
1036 3959 1068 4013 ut
1091 3959 1196 4013 usitata
1219 3961 1248 4013 et
1270 3977 1368 4015 revera
1386 3977 1403 4015 a

258 4045 391 4101 Romanis
409 4047 544 4116 usurpata
562 4047 710 4115 ponerent,
733 4061 819 4114 quam
842 4046 874 4098 ut
892 4045 926 4099 ad
954 4045 1141 4114 significatum
1161 4049 1189 4102 et
1206 4047 1403 4103 formationem

259 4135 466 4190 accuratissime
489 4151 523 4189 ea
545 4133 728 4203 explicarent,
760 4133 801 4188 ita
823 4135 933 4188 utnon
956 4149 1019 4189 raro
1044 4134 1181 4189 vocabula
1203 4135 1404 4200 substituerent

258 4222 324 4292 ipsi,
350 4240 421 4292 quae
446 4222 573 4293 quamvis
597 4222 633 4277 ad
655 4223 856 4293 grammaticae
878 4222 990 4292 regulas
1013 4223 1132 4292 probata
1155 4224 1223 4294 sint,
1252 4241 1403 4292 numquam

258 4311 353 4366 tamen
371 4310 401 4366 in
419 4330 471 4367 usu
488 4310 574 4366 fuisse
592 4311 793 4382 persuadeatur
808 4352 902 4367 .....
921 4311 981 4366 Ηοο
998 4329 1067 4382 prae
1082 4312 1182 4367 ceteris
1195 4312 1224 4366 in
1238 4311 1403 4383 glossarium

260 4399 444 4455 Lauduueuse
462 4399 682 4456 vetustissimum
700 4400 799 4456 cadere
817 4400 947 4456 videtur?
