3232 5122
660 289 951 395 -191-'

178 507 184 518 ·
213 490 302 568 Quae
333 493 461 578 quidem
492 491 576 556 ratio
607 513 679 557 cum
712 492 900 576 saepissime
933 513 993 556 usu
1026 489 1151 574 veniat,
1184 489 1359 574 exquisitas

212 598 406 665 ‘Philoxeni'
421 600 549 683 glossas
570 600 715 683 suspicor
730 621 747 662 e
761 599 907 682 fontibus
927 599 1052 662 duobus
1067 596 1214 681 gemellis
1228 591 1358 660 fluxisse

213 707 329 788 quibus
352 706 484 770 eaedem
507 729 639 791 prorsus
663 706 793 790 glossae
817 706 1081 788 continebantur,
1111 705 1157 768 ita
1185 707 1295 768 tamen
1323 705 1360 766 ut

213 808 316 876 altera
343 813 502 877 memoria
533 835 599 876 non
632 833 705 878 raro
737 812 879 876 fontium
911 811 1083 889 indiculos,
1097 857 1099 860 -
1115 810 1145 874 h.
1170 831 1195 874 e.
1209 805 1358 891 ¹scripto-

211 941 284 982 rum
306 920 439 996 nomina
455 909 492 967 ἑ-
512 920 602 984 velut
624 920 710 990 inter
734 942 832 1002 supra
856 919 1034 1001 exscriptas
1048 917 1174 1001 Hygini
1198 917 1231 980 ct
1244 914 1359 978 Lucilii

212 1061 256 1072 -
280 1047 424 1090 servasse
448 1027 607 1090 censenda
631 1027 683 1090 sit.
720 1023 767 1088 Rc
792 1027 899 1088 autem
923 1045 1000 1087 vera
1024 1023 1171 1108 egregias
1195 1022 1253 1086 has
1274 1021 1358 1084 ‘Phi-

212 1131 332 1196 loxeni'
352 1131 479 1216 glossas
495 1153 511 1193 e
525 1130 672 1214 pluribus
692 1129 893 1216 glossariolis
912 1129 1064 1194 collectas
1082 1151 1151 1192 esse
1169 1151 1236 1193 non
1248 1121 1359 1192 solum

212 1239 338 1302 ratione
366 1261 463 1322 quam
491 1238 587 1302 modo
611 1237 895 1326 comprobavimus
915 1235 1130 1302 demonstrari
1153 1238 1275 1319 potest,
1303 1234 1358 1298 sed

213 1345 311 1408 etiarn
339 1345 413 1408 inde
441 1346 526 1428 quod
553 1366 620 1407 non
646 1365 774 1426 paucae
797 1342 924 1426 glossae
953 1346 1083 1407 exstant
1112 1342 1197 1406 inter
1221 1363 1254 1404 se
1279 1341 1358 1404 satis

213 1451 335 1514 similes
375 1472 478 1534 neque
510 1453 620 1516 tamen
652 1471 785 1533 prorsus
819 1449 957 1513 eaedem.
1006 1448 1105 1514 Velut
1134 1435 1245 1513 confer
1278 1469 1359 1530 quae

214 1557 421 1621 subiecimus:

212 1749 239 1799 p.
272 1735 315 1798 28,
325 1737 372 1788 231
393 1730 512 1784 Bardeiz
551 1732 671 1797 Ἰλλύριοι
709 1733 771 1783 δοῦ·
799 1747 825 1798 p.
859 1735 902 1798 28,
912 1735 959 1782 33:
978 1727 1101 1782 Bardest
1121 1729 1300 1797 δορύκτητοε,
1316 1731 1359 1782 Ἰλ-
1414 1779 1419 1788 ,

423 1822 466 1872 λοι
486 1861 491 1872 .
509 1861 537 1872 ..
675 1874 685 1886 Χ
1012 1819 1104 1884 λύριο(
1123 1820 1222 1872 δοῦλο(

212 1926 239 1976 p.
257 1913 314 1975 165,
325 1913 372 1962 37:
392 1909 561 1961 Postumusz
577 1909 592 1960 ὁ
607 1911 713 1963 ἰῶντο(
723 1909 772 1974 μὲν
799 1926 825 1976 p.
842 1913 901 1974 166,
912 1912 959 1960 22:
979 1905 1141 1959 Postumust
1155 1907 1280 1974 ἀπάτωρ,
1292 1907 1359 1972 μετὰ

424 2001 476 2049 τοῦ
499 1997 605 2062 πατρὸς
624 1999 772 2062 εννλαμβα-
977 2025 980 2044 ι
1013 1996 1135 2048 θάνατον
1167 1996 1273 2061 πατρὸς
1299 2011 1360 2060 γεν-

424 2086 553 2152 νόμενοε,
580 2086 772 2140 ἀποθανόντος
1013 2083 1106 2150 νηθεί(

403 2231 407 2240 ,
426 2175 456 2226 δὲ
475 2174 650 2239 γεννώμενος
846 2169 850 2176 '

213 2278 240 2328 p.
258 2266 317 2327 108,
327 2265 374 2315 49:
393 2261 589 2315 lantaculum=
613 2263 771 2329 ἀκράτιεμα,
800 2279 827 2330 p.
844 2267 903 2329 108,
914 2265 960 2315 57:
980 2261 1174 2314 lantaculumt
1197 2262 1360 2328 ἀκρατιεμόε

426 2350 557 2416 ἐνάγιεμα

212 2512 384 2576 Praeterea
409 2495 516 2575 autem
541 2511 603 2575 duo
628 2512 662 2575 in
684 2477 864 2576 tractandis
887 2492 937 2576 his
957 2513 1077 2596 glossis
1099 2534 1176 2578 cave
1194 2513 1358 2598 neglegas.

212 2618 360 2682 Alterum
387 2617 469 2688 illud
496 2622 558 2701 cst,
587 2618 672 2700 quod
695 2641 761 2682 non
783 2640 904 2701 paucas
928 2618 1036 2682 exeis
1060 2603 1183 2683 certum
1207 2623 1257 2683 est
1281 2620 1359 2684 olim

213 2745 299 2788 mere
318 2725 440 2790 latinas
459 2725 573 2807 fuisse,
595 2746 662 2788 non
681 2725 934 2808 latinograecas:
957 2725 990 2788 id
1009 2725 1095 2808 quod
1118 2725 1165 2788 ita
1183 2747 1217 2788 se
1240 2726 1359 2789 habere

212 2831 263 2896 rel
287 2853 344 2915 per
367 2853 401 2895 se
426 2832 504 2895 satis
528 2831 697 2914 probabile
717 2836 775 2895 est.
808 2830 954 2894 Fuerunt
976 2832 1061 2894 enim
1085 2829 1170 2895 haud
1195 2831 1290 2898 dubia
1313 2831 1358 2894 la-

211 2938 281 3002 tina
307 2939 430 3022 Plauti,
459 2938 578 3020 Naevi,
606 2936 724 3020 Lucili,
753 2937 889 3001 aliorum
918 2937 1043 3002 scholia
1070 2959 1089 3000 a
1113 2937 1358 3022 glossographis

213 3045 388 3129 adscripta,
422 3043 580 3127 equibus
608 3043 711 3107 multa
742 3043 776 3107 in
806 3042 1006 3108 ‘Philoxeni'
1035 3044 1163 3128 glossas
1190 3045 1359 3109 fluxerunt.

211 3150 346 3215 Accedit
369 3151 455 3234 quod
478 3151 655 3215 eiusmodi
680 3150 888 3232 scholiorum,
913 3173 993 3234 quae
1017 3151 1052 3214 in
1070 3171 1359 3234 graecum-sermo-

212 3278 287 3320 nem
310 3257 471 3321 translata
490 3258 576 3321 inter
590 3256 762 3320 Philoxeni
780 3257 907 3341 glossas
928 3261 1069 3341 exstant,
1092 3259 1249 3323 memoria
1271 3279 1358 3321 mere

212 3363 316 3427 latina
330 3363 507 3428 etiamnum
522 3362 671 3445 indagari
686 3366 803 3445 potest.
835 3363 934 3428 Velut
947 3388 977 3448 p.
992 3366 1044 3450 29,
1054 3364 1097 3429 45
1112 3364 1225 3428 habes:
1245 3365 1358 3429 bilibit:

213 3469 410 3550 ἐπιεκιοεμὸ(
433 3476 557 3550 φωνῆς,
582 3491 662 3553 quae
682 3473 732 3533 est
750 3470 860 3553 glossa
873 3469 1055 3556 Naeviana,
1079 3471 1119 3535 ad
1138 3470 1358 3554 fragmentum

186 3580 187 3583 ’
213 3597 251 3638 ex
275 3575 407 3640 incertis
430 3577 550 3640 fabulis
574 3574 685 3640 XVIII
710 3574 841 3641 ‘bilbit
865 3577 1032 3661 amphora'
1057 3581 1216 3660 spectans.
1258 3575 1367 3642 Ouius‘

212 3679 276 3745 loci
301 3681 447 3747 scholion
470 3682 608 3746 latinum
632 3685 682 3745 est
704 3662 1113 3748 biliuiltodumbr'utio
1135 3685 1238 3748 uocis
1260 3706 1359 3766 oquae

191 3789 406 3870 'scaturientis
429 3781 482 3874 (οἱ
501 3786 568 3852 Mai
591 3786 655 3852 VII
678 3810 708 3870 p.
728 3786 840 3873 abac).
877 3787 962 3852 Hinc
985 3791 1171 3853 tnmcatum
1195 3794 1245 3854 est
1269 3790 1358 3854 ‘Phi-

212 3893 331 3958 loxeni'
355 3894 436 3958 illud
459 3895 657 3973 ἑπιεκιοεμὸε
680 3883 801 3974 φωνῆς.

302 4000 336 4064 P.
362 4001 412 4083 17,
431 4000 488 4064 34:
520 4006 633 4083 apuu:
667 4000 915 4080 ἀμπελόφυλλα,
948 4001 993 4064 ὼε
1024 4002 1187 4067 Τιτίννιοε.
1235 4000 1357 4066 Scholii

212 4106 368 4170 Titiniani
396 4107 525 4190 integra
552 4107 658 4171 forma
686 4106 771 4188 apud
799 4105 922 4170 Maium
956 4105 1003 4170 VI
1033 4130 1063 4190 p.
1091 4106 1181 4192 502a
1214 4110 1246 4169 et
1278 4107 1356 4172 alibi

211 4213 289 4276 talis
313 4216 434 4278 exstat:
457 4213 567 4276 abira:
589 4214 686 4293 solio
709 4214 811 4277 ultis.

302 4319 364 4396 Qui
385 4323 481 4403 putas
505 4318 655 4381 extricari
674 4340 770 4401 posse
789 4341 820 4401 p.
840 4319 928 4402 40,2
952 4320 1095 4404 glossam
1117 4318 1215 4382 cliro:
1239 4320 1357 4398 opero?

212 4424 294 4493 Mihi
327 4426 461 4510 quidem
489 4444 584 4502 ομοια
612 4425 696 4488 nihil
724 4447 794 4488 esse
822 4425 949 4489 videtur
972 4425 1036 4489 nisi
1063 4424 1170 4505 ὅμοια,
1199 4448 1281 4510 quae
1307 4430 1356 4489 est
