3232 5122
666 341 704 351 -
756 249 834 371 185⁴
867 341 905 351 —

216 465 367 550 glossarii
389 464 497 531 indole
521 463 713 530 derivandae
731 469 814 530 sunt.
852 463 1038 530 Glossarunr
1057 487 1172 552 nempe
1190 465 1360 549 multiplex
1473 557 1476 563 Ι

216 573 354 637 materia
375 573 409 637 in
432 573 512 637 duas
536 572 628 656 quasi
652 573 771 643 classes
795 570 1004 637 discernenda
1027 571 1107 636 mihi
1130 572 1256 637 videtur
1280 593 1360 656 esse,

216 703 352 765 quarum
371 679 668 764 alteraexquisitas
687 680 880 765 egregiaque
899 678 1047 743 doctrina
1060 677 1204 763 insignes
1223 677 1361 761 exhibet,

216 788 321 853 altera
344 786 571 852 multominus
593 785 820 851 memorabiles
843 786 965 870 partim
983 808 1001 850 e
1020 785 1229 869 scriptoribus
1249 786 1363 850 etiam-l

215 917 292 959 num
316 895 542 978 superstitibus
565 893 698 978 petitas,
728 892 849 977 partim
876 896 945 957 tam
972 892 1116 957 triuiales
1134 895 1172 956 ut
1193 891 1233 956 ad
1257 895 1360 957 certos

218 1001 412 1084 scriptorum
435 1000 525 1065 locos
548 999 661 1063 referri
683 999 838 1064 neniam
860 1000 997 1083 pos'sint.

305 1105 370 1196 sie,
402 1111 438 1171 ut
468 1106 519 1171 his
547 1106 716 1193 defungar,
754 1107 793 1171 cf.
822 1107 1005 1192 glossarum
1042 1106 1204 1192 quandam
1236 1106 1361 1185 seriem,

216 1236 313 1298 quam
335 1214 426 1279 nulla
449 1236 487 1278 ex
510 1217 602 1297 parte
625 1213 804 1278 notabilem
827 1235 896 1277 esse
920 1213 1023 1278 vides:

349 1344 379 1405 p.
398 1321 578 1405 31,4sqq.:
642 1320 768 1385 bonus:
792 1319 913 1397 ἀγαθόε

304 1441 308 1450 “
641 1427 748 1492 bona:
773 1425 878 1504 ἀγαθά

642 1534 749 1599 bona:
775 1533 963 1613 ὑπάρχοντα

642 1641 792 1705 bonitas:
816 1640 976 1720 ἀγαθότηε

237 1825 242 1837 .
350 1774 380 1835 p.
402 1749 475 1833 126,
489 1750 532 1813 34
542 1771 622 1833 sqq.:
645 1746 848 1812 iucunditas:
871 1748 989 1827 ἡδύτη(

642 1853 835 1918 iucundum:
858 1855 998 1934 ἥδιετον,
1023 1857 1179 1934 προεηνέε

642 1959 820 2025 iucundus:
843 1962 933 2041 ἡδύε,
956 1961 1094 2043 τερπνόε

643 2066 814 2132 iudicatis:
838 2068 972 2149 κρίνετε·

643 2174 784 2239 iudicat:
809 2176 906 2254 κρίνει

643 2282 803 2348 indicaui:
829 2282 937 2362 ἔκρινα

644 2388 759 2453 iudex:
783 2388 905 2470 ἄρχων,
929 2393 1035 2471 κριτής

643 2496 824 2561 iudicatus:
840 2497 1083 2563 ’καταδικαεθείε

643 2603 813 2669 iudicabo:
837 2607 933 2685 κρινῶ

645 2709 785 2775 iudicat:
808 2709 911 2791 ἄρχει,
935 2712 1046 2791 κρίνει,
1069 2710 1186 2776 δικάζει

645 2817 786 2882 iudices:
809 2818 949 2883 δικαεταί

221 3011 308 3065 chart.
338 3009 408 3065 saec.
432 3010 497 3066 XVI
525 3028 543 3065 a
565 3011 648 3064 Petro
672 3010 788 3064 Pithoeo
816 3010 960 3079 scriptum)
987 3009 1146 3065 Rudorffius
1168 3010 1187 3063 l.
1207 3028 1227 3064 0.
1247 3026 1267 3061 0.
1286 3007 1379 3074 dicit·

222 3116 341 3168 quocum
359 3115 416 3153 non
438 3099 616 3154 consentiunt
638 3115 710 3168 quae
729 3099 902 3154 Proehuerus
920 3100 938 3154 l.
958 3119 978 3155 s.
998 3119 1017 3154 s.
1038 3099 1160 3167 scripsit:
1186 3098 1257 3152 ‘cod.
1277 3095 1365 3150 Paris.

222 3193 290 3243 7653
314 3188 352 3242 ist
375 3189 436 3244 eine
458 3189 498 3242 im
518 3195 559 3242 16.
577 3188 673 3242 Jahrh.
697 3205 751 3242 von
776 3189 826 3242 der
847 3188 930 3242 Hand
952 3188 1046 3243 Pierre
1069 3188 1194 3242 Pithou's
1217 3187 1391 3256 3001001110,

222 3276 319 3347 Cupie,
356 3275 435 3331 nicht
468 3293 523 3331 von
552 3283 635 3344 7651,
674 3277 799 3335 εοηᾶθτη,
829 3294 884 3331 von
920 3277 996 3331 einer
1032 3276 1137 3332 andern
1173 3276 1365 3330 schlechteren

221 3366 288 3420 Hds.
317 3367 366 3421 der
397 3365 426 3419 in
450 3371 516 3419 7651
546 3365 727 3419 euthaltenen
759 3365 870 3434 ‘glosae
897 3382 947 3434 per
973 3365 1168 3419 elementum'.
1205 3364 1257 3418 Die
1289 3362 1365 3417 zahl-

220 3453 334 3509 reichen
347 3453 542 3521 Correchuem
561 3453 667 3508 welche
686 3453 819 3508 Pithoeus
836 3470 873 3508 an
891 3454 980 3508 seiner
997 3454 1082 3524 Copie
1101 3454 1250 3522 vomahm,
1268 3453 1366 3522 aeigen

221 3542 389 3614 gleiohlalls‚
408 3543 471 3596 dass
491 3559 520 3596 cr
535 3548 602 3597 7651
619 3543 796 3610 (Puteaneus)
815 3542 894 3597 nicht
911 3543 1038 3612 gakannt
1055 3543 1126 3598 hat’.
1156 3543 1255 3597 Glossa
1268 3558 1286 3595 a
1296 3541 1366 3596 Scri-

222 3631 298 3686 verio
313 3631 349 3685 ad
364 3631 521 3686 Martialem
536 3631 609 3700 VIII,
624 3637 657 3686 45
672 3631 807 3686 excitata:
825 3637 917 3686 sacrat
930 3633 1020 3699 alind,
1034 3632 1088 3686 hoc
1102 3633 1269 3686 est'acccatr
1283 3629 1367 3686 citro

221 3720 250 3774 in
264 3719 410 3775 Philoxeni
428 3720 526 3790 glossis
545 3738 571 3789 p.
588 3723 648 3786 189,
661 3726 694 3774 42
714 3723 867 3790 comparet.
903 3721 934 3774 ln
953 3721 1081 3790 catalogo
1100 3719 1229 3774 Leidensi
1247 3719 1365 3787 pasch

222 3811 418 3865 enumerantur
449 3826 520 3879 quae
548 3809 726 3864 continentur
750 3808 830 3863 ‘mss
858 3807 1058 3877 voluminibus,
1084 3808 1112 3862 in
1136 3825 1208 3877 quae
1236 3807 1366 3862 Vossiani

222 3899 356 3954 haeredes
374 3898 553 3953 coniecerunt
575 3914 655 3953 omne
677 3914 765 3967 genus
788 3898 961 3965 chartarum,
985 3896 1101 3951 infolio
1120 3898 1150 3951 et
1166 3896 1230 3950 aliis
1247 3895 1366 3952 formis’.

222 3987 266 4042 lbi
286 3986 384 4056 quinto
404 3986 466 4041 loco
486 3989 578 4041 exstat
602 3986 802 4057 ‘fragmentum
822 3985 951 4054 glossarii
973 3985 1169 4054 latinograeci’.
1192 3983 1328 4052 incipiens
1349 4001 1367 4036 a

224 4076 367 4131 ‘Tabanus
382 4078 549 4139 ΜΥΜΨ,ΤΟ
563 4076 667 4130 ΖΩΙΟΝ
682 4074 833 4130 01ΠΡο(’
853 4092 940 4143 usque
955 4075 991 4128 ad
1007 4074 1094 4128 ‘Tuus
1109 4073 1193 4128 (OC’.
1222 4073 1273 4126 list
1290 4073 1366 4126 haud

223 4165 306 4220 dubie
331 4164 499 4220 ‘Philoxeni’
524 4162 654 4236 glossarii
677 4162 813 4218 Tlittera
835 4163 958 4232 integra,
987 4179 1059 4230 quae
1084 4161 1185 4229 incipit
1207 4161 1283 4229 apud
1306 4160 1365 4215 Ste-

223 4255 346 4324 phanum
356 4273 382 4324 p.
393 4261 454 4323 209,
464 4260 495 4309 17
511 4255 686 4310 a‘tabanusr
702 4256 794 4322 μύωψ,
808 4254 842 4306 τὸ
856 4255 938 4319 ζῶον,
953 4248 1212 4319 ortmanoxplieir
1225 4267 1252 4318 p.
1263 4254 1324 4318 219,
1332 4256 1366 4303 39

225 4343 321 4398 ‘tunsa
340 4344 406 4399 τός’.
438 4344 537 4399 Utrum
552 4361 567 4398 e
582 4343 676 4398 codice
690 4340 815 4398 Parisino
830 4345 898 4398 7651
917 4357 955 4394 an
968 4339 1081 4394 aliunde
1099 4337 1219 4410 petitum
1238 4337 1275 4392 sit
1291 4337 1366 4410 frag-

224 4433 348 4489 mentum
367 4432 466 4492 nescia.
