3216 5126
644 311 883 377 -143—

194 466 264 532 Has
288 469 415 553 glossas
440 470 580 552 optimas
605 493 674 535 esse
697 473 749 536 vel
773 494 811 535 ex
830 472 877 536 eis
896 493 977 556 quae
1002 470 1097 534 modo
1122 471 1338 553 excerpsimus

195 579 340 657 apparet.
378 575 529 640 Omnium
553 582 661 641 autem
684 578 816 642 minime
840 582 938 643 notae
961 583 1037 642 sunt
1059 581 1231 662 propterea
1254 575 1338 660 quod

194 703 298 765 neque
320 682 354 744 in
379 680 508 746 ‘librum
532 673 727 767 glossarum'
758 689 943 768 manarunt,
972 705 1075 768 neque
1099 684 1185 747 inter
1206 681 1338 746 isidori-

196 808 328 850 anatum
348 787 454 853 fontes
474 788 614 854 fuerunt.
648 791 868 876 Dignissimus
884 771 992 855 autem
1007 811 1077 854 esse
1093 811 1174 874 quae
1190 779 1338 852 aoeu'rate

196 893 392 976 colligantur
413 894 494 958 mihi
508 897 802 980 persuasissimum
827 901 884 960 est.
927 895 1008 961 Tam
1033 917 1127 978 saepe
1156 895 1243 957 enim
1273 915 1339 956 una

196 1020 267 1061 eum
290 998 388 1063 Festo
408 1023 446 1063 ex
469 1001 590 1066 eisdem
615 1003 850 1086 antiquissimis
869 1003 1030 1089 fluxerunt
1052 1000 1277 1084 scriptoribus,
1300 1003 1338 1062 ut

195 1103 280 1168 inter
313 1107 566 1188 pretiosissimas
604 1109 912 1193 glossographorum
945 1109 1098 1191 reliquias
1132 1129 1186 1170 eas
1218 1092 1338 1168 referre

195 1233 260 1275 non
284 1211 437 1277 dubitem.
484 1214 576 1291 Quod
607 1220 714 1280 autem
737 1214 826 1280 Festi
854 1216 1045 1280 memoriam
1072 1215 1134 1278 feei
1162 1212 1338 1277 cavendum

196 1321 308 1381 estne
333 1320 403 1402 quis
428 1321 555 1403 glossas
579 1344 617 1385 ex
641 1323 702 1386 hoc
724 1323 777 1386 vel
800 1321 916 1386 Verrio
940 1322 1057 1386 Flacco
1082 1320 1243 1384 derivatas
1268 1341 1339 1382 esse

196 1423 360 1505 opinetur:
384 1449 465 1510 quae
485 1427 612 1510 quidem
632 1429 827 1511 opinionon
846 1429 952 1493 minus
972 1448 1123 1512 perversa
1137 1429 1223 1490 esset
1240 1448 1337 1509 quam

196 1529 223 1593 si
256 1531 327 1614 quis
364 1531 449 1595 idem
486 1533 525 1616 de
557 1533 689 1598 Placido
724 1538 889 1598 statueret.
938 1533 1068 1598 Similes
1100 1555 1215 1616 nempe
1253 1535 1339 1614 sunt,

195 1640 308 1718 utpote
341 1637 514 1703 eorundem
546 1640 690 1704 locorum
724 1640 846 1704 scholia
877 1663 896 1704 a
925 1640 1060 1724 diversis
1090 1639 1337 1723 glossographis

195 1741 358 1806 adnotata.
405 1742 450 1807 Ut
479 1747 587 1808 autem
620 1767 715 1828 quam
745 1768 811 1809 non
841 1747 992 1830 vulgares
1022 1747 1088 1810 sint
1120 1746 1190 1829 ipse
1218 1746 1339 1828 videas,

194 1848 276 1913 seito
301 1850 426 1932 glossas
446 1856 557 1931 epira:
580 1851 659 1929 folia
677 1852 766 1914 ciacc
784 1851 825 1915 ad
839 1851 1044 1934 Titinium,
1067 1851 1199 1914 comtes:
1223 1853 1338 1916 secaris

193 1976 287 2036 quam
314 1955 457 2036 flamines
484 1961 540 2018 aut
561 1957 721 2038 pontifices
743 1957 854 2020 lrabeat
877 1958 915 2020 ad
939 1957 1071 2021 Plauti
1100 1957 1210 2020 nescio
1240 1980 1337 2041 quam

126 2147 131 2156 .
194 2061 402 2143 comoediam,
420 2063 586 2126 exitiosae:
600 2063 885 2143 coasupplicotrices
898 2063 995 2126 dietae
1009 2061 1049 2126 ad
1065 2061 1208 2125 eiusdem
1219 2062 1337 2137 Astra-

193 2165 316 2252 bam1),
344 2186 439 2250 epea:
462 2171 515 2232 cia
541 2170 577 2231 ia
599 2169 674 2232 bavi
703 2169 806 2252 leupo,
833 2190 895 2249 qua
922 2171 1049 2250 semipes
1075 2166 1240 2231 hortantur
1267 2190 1336 2232 eum

192 2275 304 2339 uoluat
325 2274 485 2339 ambulare
494 2272 520 2358 2)
544 2273 583 2338 ad
607 2274 771 2337 Ennium
794 2274 977 2338 referendas
1002 2296 1082 2337 esse.

725 2488 798 2566 ar.

283 2628 325 2681 lie
345 2627 506 2694 glossariis
526 2625 662 2680 codicum
680 2625 818 2681 Vaticani
836 2624 911 2680 saal
932 2625 964 2679 et
982 2623 1138 2679 Leidensis
1157 2625 1193 2679 67
1203 2625 1237 2680 Ε.

281 2771 433 2836 Omnium
457 2770 604 2834 codicum
628 2771 755 2854 glossas
779 2791 865 2832 mere
895 2768 1014 2832 latinas
1040 2767 1260 2833 exhibentium
1284 2792 1337 2834 ve-

192 2878 393 2943 tustissimus
417 2900 487 2942 esse
511 2878 638 2942 ridetur
661 2877 876 2941 Vaticanus
901 2875 985 2938 3321
1012 2875 1145 2938 membr.
1170 2897 1250 2939 saec.
1273 2875 1337 2940 Vll

192 2984 313 3048 litteris
349 2984 529 3050 uncialibus
573 2982 712 3065 scriptus
718 3033 726 3066 ‚
768 2981 872 3065 quode
910 2980 1146 3045 Wilmannsius
1183 2981 1218 3044 in
1254 2981 1336 3047 Mus.

192 3089 293 3153 Rhen.
313 3094 336 3154 t.
355 3089 465 3156 XXIV
485 3087 527 3174 (a.
544 3088 643 3175 1869)
662 3112 692 3172 p.
707 3090 769 3154 381
796 3089 871 3173 egit.
905 3086 1005 3152 A-P
1028 3089 1156 3152 litteras
1176 3087 1335 3152 Mendela·

192 3352 372 3422 principium:
392 3372 429 3408 aa
446 3371 503 3408 aaa
522 3354 637 3407 doleatis
655 3356 693 3407 est
708 3398 714 3410 .
731 3396 736 3406 .
753 3353 771 3423 .]
792 3354 821 3407 et
841 3352 888 3406 ‘al
908 3351 1018 3406 anticus
1035 3351 1089 3405 inc.
1110 3370 1147 3406 aa
1165 3353 1266 3407 dolcat’
1288 3354 1335 3424 [ef.

192 3441 267 3496 idem
284 3442 476 3512 principium}

265 3532 285 3601 ¹)
308 3533 361 3587 Vel
384 3535 416 3585 ut
439 3532 594 3585 accuratius
617 3532 721 3601 dicam,
748 3530 837 3585 Servii
857 3530 967 3584 Claudii
990 3531 1270 3599 interpretamentum
1293 3535 1337 3586 est

192 3621 229 3674 ad
247 3621 323 3675 illius
342 3622 454 3676 fabulae
473 3639 590 3676 versum*
604 3623 740 3689 spectans.
1280 3685 1284 3692 Ι

265 3710 285 3778 2)
304 3709 402 3764 Glossa
420 3727 476 3762 non
495 3709 570 3764 omni
589 3726 621 3762 ex
640 3712 720 3777 parte
740 3710 837 3778 plana,
857 3724 913 3776 qua
931 3710 1025 3761 tamen
1041 3707 1111 3760 duee
1125 3708 1246 3763 Isidorus
1260 3709 1335 3778 Orig.

191 3797 264 3867 XIX,
279 3805 303 3867 2,
319 3805 334 3852 4
354 3798 496 3852 emendari
515 3801 617 3868 potest.
654 3797 696 3851 ibi
714 3797 814 3851 habes:
845 3797 927 3865 ‘agea
945 3795 1020 3850 viae
1040 3797 1118 3849 sunt
1136 3797 1190 3849 vel
1214 3797 1289 3851 loca
1307 3798 1335 3852 in

192 3887 269 3955 naui,
298 3904 348 3956 per
375 3904 447 3954 quae
471 3888 507 3940 ad
530 3886 648 3955 remiges
672 3885 800 3939 hortator
818 3885 934 3939 accedit.
971 3885 1012 3937 De
1031 3901 1086 3951 qua
1103 3883 1209 3937 Ennius
1233 3885 1335 3953 [annal.

191 3994 216 4030 v.
235 3981 288 4028 484
306 3994 333 4044 p.
354 3981 386 4029 72
401 3975 462 4045 V.]=
490 3977 578 4030 raalio
604 3978 665 4043 foro
689 3975 770 4042 pouit
793 3979 818 4026 et
841 3990 908 4043 apsa
931 3975 1013 4043 lousa
1035 3973 1174 4040 repletur’.
1213 3973 1336 4027 Permira

190 4065 277 4118 verba
302 4065 343 4117 cel
371 4065 430 4117 loca
456 4064 514 4119 sive
542 4065 600 4134 ipse
624 4064 745 4117 Isidorus
767 4062 824 4115 iam
848 4064 978 4130 corrupta
1001 4062 1126 4130 repperit
1147 4061 1205 4115 sive
1228 4061 1336 4115 librarii

190 4152 302 4206 demum
321 4156 515 4220 corruperunt,
535 4156 602 4206 nata
621 4155 685 4206 sunt
704 4169 718 4205 e
737 4153 832 4220 loapa,
851 4154 883 4205 ut
901 4151 1077 4204 scribendum
1095 4151 1143 4204 sit:
1168 4149 1270 4218 ‘ageas
1290 4150 1336 4204 via

190 4244 234 4295 est
247 4242 332 4309 longa
350 4241 378 4293 in
398 4240 475 4308 naui,
494 4257 544 4308 per
564 4256 648 4308 quam
668 4240 703 4292 ad
722 4240 841 4310 remiges
859 4241 987 4293 hortator
1005 4237 1133 4292 accedit'.
1167 4237 1336 4306 Comprobat

189 4329 355 4398 scripturam
370 4347 465 4384 versus
475 4328 629 4396 Ennianus,
650 4330 748 4382 suadet
762 4330 856 4398 glossa
870 4345 954 4397 supra
968 4327 1102 4395 excitata,
1121 4345 1176 4381 non
1193 4328 1335 4382 dissuadet
1392 4321 1394 4327 ’

189 4417 271 4472 Pauli
289 4418 387 4472 Festus
405 4436 433 4486 p.
450 4424 545 4486 10,10.
