3232 5122
660 317 950 395 -2012

209 477 336 541 minora
364 477 527 562 glossaria
556 477 794 561 latinogracca,
826 500 963 561 quorum
991 477 1133 561 primum
1157 473 1276 559 incipit
1303 474 1357 538 ‘ab

142 611 149 624 ·
210 583 289 647 abs:
313 583 379 648 ἀπό
429 583 573 678 abavus:
597 583 795 650 ἀπόπαπποε
847 584 983 650 abavia:
1008 581 1201 666 προμὰμμη’,
1224 581 1358 665 explicit

210 689 385 774 septimum
409 687 589 772 ‘pulvinart
614 689 702 768 κλίνη
722 695 807 756 θεῶν
843 689 975 774 puteal:
995 687 1175 770 περιετόμὶ(
1194 685 1357 769 φρέατοθ.
1453 681 1456 688 ’

200 796 309 868 ‚nuta
333 799 407 860 sunt
431 797 472 860 ab
491 795 567 862 Ant.
581 796 750 862 Matthaeo
769 795 1002 862 Analectorum
1024 800 1047 860 t.
1065 794 1115 880 III
1133 820 1164 880 p.
1179 796 1356 862 663-618

210 903 386 986 eademque
409 903 444 966 in
466 902 610 969 Labbaei
637 903 799 988 glossaria
827 907 971 988 recepta,
999 904 1055 969 ubi
1077 903 1203 968 Snota
1225 903 1358 999 insigni-

211 1014 316 1075 untur.
360 1009 433 1076 Hac
461 1011 546 1076 enim
574 1012 684 1076 littera
714 1033 781 1075 non
807 1009 959 1075 Vulcan'ii
986 1008 1357 1094 p.803-820‘c11ve-

210 1120 320 1197 γωγὴν
343 1121 409 1182 τῶν
433 1117 514 1196 πρὸ(
537 1117 697 1198 διάφορον
721 1117 871 1196 (nuutios
891 1117 1056 1196 διαφόρω(
1076 1119 1282 1198 τονουμὲνων
1306 1118 1358 1180 λε’-

211 1230 306 1304 ξεων,
338 1225 418 1290 κατὰ
450 1221 624 1302 (τοιχεῑον’
657 1222 834 1306 significari
864 1259 905 1266 -
933 1222 988 1306 qui
1021 1229 1071 1287 est
1098 1221 1150 1286 Du
1175 1221 1292 1308 Oangii
1324 1223 1359 1286 in

211 1331 413 1414 praefatione
427 1329 572 1394 Labbaei
591 1351 681 1394 error
702 1367 756 1412 —‚
778 1328 1021 1396 demonstravit
1031 1327 1222 1393 Franciscus
1238 1328 1358 1393 Oehler

211 1439 247 1502 in
266 1437 539 1502 commentatione
559 1435 708 1501 ‘Glossae
725 1435 831 1502 Seruii
846 1435 1071 1502 Grammatici'
1090 1435 1195 1501 Musei
1209 1435 1359 1500 Rhenani

210 1548 235 1608 t.
248 1544 360 1609 XVIII
378 1541 421 1629 (a
438 1543 538 1629 1863)
557 1544 694 1628 inserta,
712 1544 769 1608 ubi
788 1545 888 1609 etiam
907 1545 946 1608 de
965 1544 1129 1609 codicibus
1149 1543 1225 1628 egit.
1251 1543 1357 1608 Multa

211 1672 281 1716 esse
300 1650 335 1715 in
353 1651 512 1734 excerptis
532 1650 748 1734 Charisianis,
771 1673 854 1734 quae
877 1651 965 1715 hisce
989 1650 1109 1735 glossis
1132 1651 1359 1734 respondeant,

201 1758 296 1822 idem
320 1759 477 1822 ostendit:
500 1758 603 1823 multo
628 1758 727 1823 etiam
750 1759 846 1842 plura
866 1758 1008 1842 reperies
1031 1755 1149 1842 Cyrilli
1173 1757 1292 1843 glossis
1317 1757 1359 1820 si·

211 1865 359 1929 millima.
405 1863 556 1930 Ceterum
579 1865 736 1931 Oehlerus
766 1866 938 1951 quominus
962 1863 1066 1930 Servii
1096 1866 1223 1950 glossas
1251 1863 1359 1928 ederet

212 1974 317 2037 morte
340 1972 515 2057 impeditus
539 1975 597 2035 est.
643 1970 758 2036 Libros
782 1994 881 2036 manu
905 1973 1043 2056 scriptos
1067 1971 1142 2036 novi
1167 1971 1278 2036 hosce:

305 2112 337 2200 1)
360 2114 400 2178 ln
418 2113 618 2178 bibliotheca
632 2110 759 2177 Claudii
773 2113 911 2179 Puteani
929 2113 1044 2179 harum
1060 2114 1243 2198 glossarum
1259 2111 1359 2177 codex

213 2222 376 2305 exstabat,
406 2221 441 2285 in
465 2243 529 2304 quo
553 2219 651 2284 etiam
674 2241 792 2305 graeca
814 2209 974 2285 vocabula
1000 2219 1114 2284 latinis
1142 2219 1261 2283 litteris
1289 2241 1359 2303 per-

214 2327 337 2410 scripta
360 2329 462 2392 erant.
475 2324 599 2404 ,Huius
619 2325 833 2408 apographon
847 2324 983 2390 Carolus
997 2319 1167 2390 Libbaeus
1188 2325 1326 2390 confecit
1334 2323 1358 2411 1)

214 2438 247 2498 ct
261 2432 426 2517 Scaligerc
445 2432 549 2515 misit,
570 2431 659 2496 cuius
678 2433 764 2496 inter
779 2432 904 2496 codices
920 2432 1098 2497 etiamnum
1113 2435 1220 2496 exstat
1233 2456 1264 2497 n.
1275 2429 1359 2518 63²).

213 2541 481 2606 Restauratarum
510 2538 550 2602 ab
577 2537 640 2602 hoc
668 2538 853 2622 glossarum
878 2538 1090 2623 apographon
1117 2539 1201 2603 inter
1224 2539 1358 2604 schedas

215 2649 290 2724 illas
313 2645 572 2711 Burmanniauas
591 2644 701 2710 habes.
738 2645 898 2722 Quattuor
917 2647 967 2708 est
988 2644 1144 2724 foliorum
1162 2645 1279 2727 infel,
1303 2646 1359 2709 tri·

214 2754 353 2839 pertitae
372 2752 519 2837 singulae
537 2751 684 2846 paginae.
721 2750 770 2830 De
790 2750 914 2836 origine
936 2752 1118 2836 glossarum
1142 2753 1361 2836 subscriptum
1462 2783 1465 2794 ¹

216 2866 279 2926 est:
302 2860 367 2960 ¹‘ln
389 2858 462 2923 Bat.
485 2881 502 2923 e
526 2857 645 2922 Galliis
671 2859 890 2941 importarunt
913 2859 1113 2924 ornatissImi
1136 2859 1261 2923 fratres*
1277 2859 1361 2924 Lab-

215 2968 299 3034 baei.
345 2965 464 3031 Omnia
491 2968 583 3029 erant
610 2964 738 3029 Latinis
764 2964 869 3029 literis
898 2966 1033 3050 scripta,
1061 2989 1124 3049 qua
1148 2964 1270 3030 Graeca
1297 2989 1361 3049 qua

216 3074 349 3156 Latiae,
385 3073 489 3138 ordini
523 3075 555 3136 et
586 3070 703 3137 verbis
727 3071 794 3135 suis
826 3071 972 3136 restituit
1003 3070 1183 3136 Doctorum
1215 3071 1360 3136 Phoenix

216 3180 293 3247 108.
317 3177 541 3245 SOAL.1UL.
565 3175 683 3244 CAES.
707 3176 754 3240 F?
778 3176 938 3242 ·Puteaui
961 3179 1061 3243 codex
1083 3178 1218 3262 periisse
1242 3178 1361 3243 dicitur

217 3289 356 3355 Oehlero
379 3287 400 3351 l.
420 3309 444 3350 s,
465 3309 489 3350 s.
513 3290 546 3350 et
568 3284 737 3351 Rudorffio
762 3284 796 3349 in
819 3285 1092 3350 commentatione
1115 3283 1164 3349 De
1188 3284 1360 3350 Philoxeni

217 3467 429 3478 .--.---

217 3572 286 3626 haec
305 3570 403 3625 verba:
423 3567 550 3639 ‘explicit
567 3566 695 3622 feliciter.
728 3567 818 3622 Seruii
837 3566 1040 3623 Grammatici’.
1070 3566 1160 3632 Quam
1182 3566 1361 3636 subscriptio·

217 3678 281 3715 nem
299 3659 348 3728 qui
367 3657 515 3714 coniecerit
532 3657 574 3711 ita
592 3660 688 3711 natam
703 3673 775 3712 esse:
796 3656 814 3712 ‘.
831 3699 836 3710 .
854 3701 859 3712 .
875 3656 990 3727 explicit
1003 3655 1129 3710 feliciter.
1159 3655 1248 3710 Seruii
1263 3654 1361 3710 Gram-

145 3751 148 3758 '
217 3749 314 3805 matici
334 3749 345 3820 [
347 3790 441 3804 ......
456 3747 557 3816 incipit
574 3747 728 3820 feliciter]’,
752 3749 784 3802 ut
804 3745 906 3800 ‘Servii
921 3745 1114 3801 Grammatici’
1136 3746 1171 3798 ad
1190 3745 1292 3799 librum
1312 3744 1361 3797 ali-

218 3856 301 3908 quem
321 3829 483 3892 Servianum
503 3836 570 3891 olim
589 3835 770 3906 spectaverit,
788 3851 889 3905 parum
907 3833 1091 3905 probabiliter
1108 3833 1156 3888 ille
1176 3832 1304 3908 coniciet.

293 3963 312 4031 ¹)
331 3963 376 4016 Ad
393 3963 477 4016 finem
495 3962 655 4031 perduxisse
676 3959 787 4016 videtur
810 3961 855 4014 dic
874 3966 908 4013 24
931 3959 1033 4014 mensis
1056 3958 1122 4014 lulii
1141 3975 1164 4013 a.
1181 3962 1259 4012 1600.
1292 3955 1362 4010 Sub-

218 4050 353 4121 scriptum
372 4053 415 4106 est
432 4049 519 4105 enim:
550 4050 601 4103 ‘Ex
620 4049 678 4105 MS.
697 4048 888 4104 Bibliothecae
907 4052 969 4109 Π
988 4047 1040 4102 CL.
1055 4046 1174 4101 Puteani
1192 4046 1272 4100 Anno
1293 4051 1362 4100 1600

218 4145 298 4200 ᾗ
316 4138 379 4194 Iulii
397 4139 464 4195 die'.

292 4265 313 4335 ²)
337 4265 377 4321 cf.
402 4264 569 4332 (latalogum
595 4282 623 4334 p.
643 4270 732 4318 343a:
771 4261 899 4316 ‘Glossae
931 4260 1020 4316 Servii
1051 4257 1229 4330 grammatici
1261 4257 1361 4313 latino-

218 4370 349 4423 graecae‚
368 4354 416 4409 sed
434 4352 530 4408 latinis
548 4351 643 4406 omnia
660 4351 761 4420 literis,
781 4367 850 4419 quas
869 4368 903 4404 cx
915 4350 973 4405 ΜΒ.
989 4348 1177 4422 bibliothecae
1192 4347 1231 4404 cl.
1243 4347 1363 4403 Puteani

220 4441 367 4515 descripsit
384 4441 499 4498 Carolus
518 4440 670 4498 habbacuc.
690 4440 720 4498 iu
738 4441 843 4499 charta.
863 4439 918 4506 632
