3232 5122
700 311 941 376 -186-

676 470 855 535 iudiciarii:
879 471 1047 535 οικαετικοί
1135 505 1139 513 ·

674 576 863 642 iudiciaria:
887 576 1045 641 δικαετικά

674 682 849 748 iudicium:
873 686 1045 763 κριτήριον,
1070 681 1269 762 δικαετήριον
1354 745 1358 752 .

675 789 813 856 iudicia:
838 791 991 869 κριτήρια,
1015 791 1195 870 δικαετήρια

675 897 785 961 iubet:
810 896 933 960 κελεύει

248 1039 353 1105 Huius
383 1040 470 1104 modi
499 1041 680 1122 glossarum
710 1040 830 1103 bonam
860 1040 986 1120 partem
1014 1035 1235 1100 demonstrare
1263 1058 1395 1120 possum
1470 1081 1473 1088 ι

248 1168 265 1208 e
293 1145 496 1210 Ciceronis
524 1146 563 1210 in
592 1144 802 1212 Catilinam
830 1142 1078 1209 orationibus
1108 1140 1270 1225 petitam
1302 1166 1394 1210 esse.

248 1252 359 1317 Habes
387 1253 474 1318 enim
503 1253 537 1317 in
565 1251 680 1336 Cyrilli
709 1251 794 1336 quod
822 1251 958 1315 toeatur
986 1249 1148 1334 glossario
1173 1251 1393 1334 graecolatiuo

250 1382 281 1443 p.
299 1358 378 1443 452,
395 1359 437 1423 29
461 1359 545 1424 hanc
568 1360 724 1443 glossam:

291 1502 435 1579 ἐλέγχων
463 1499 584 1584 refuto,
608 1521 722 1585 arguo,
745 1473 918 1583 redarguo,
940 1498 1110 1580 convinco,
1135 1496 1337 1584 insimulo,
1360 1504 1396 1564 ut

380 1606 445 1673 Cic.
468 1607 501 1670 in
526 1605 737 1671 Catel'maria:
762 1605 855 1670 ‘nihil
879 1626 917 1668 ex
940 1603 995 1687 iis,
1018 1626 1099 1688 quae
1124 1603 1210 1668 Galli
1234 1605 1395 1671 insimu-

380 1714 529 1796 labant,
551 1711 696 1797 negavit'

249 1877 329 1940 quae
356 1856 395 1919 ad
423 1856 541 1920 tertiae
565 1852 775 1920 Catilinariae
800 1858 819 1936 ξ
846 1855 887 1918 12
911 1857 1050 1938 spectat:
1087 1851 1256 1918 ‘Gabinius
1280 1855 1394 1918 deinde

246 1962 466 2046 introductae,
502 1983 575 2026 cum
611 1961 715 2045 primo
753 1959 965 2044 impudenter,
992 1945 1187 2043 respondere
1225 1962 1393 2046 coepisset,

247 2068 287 2131 ad
324 2071 503 2132 extromum
538 2068 649 2133 nihil·
674 2090 717 2131 ex
754 2067 805 2131 iis
842 2088 936 2151 quae
969 2065 1074 2144 Galli
1113 2067 1393 2132 insimulabant

245 2174 431 2258 negavit'.
476 2176 546 2240 lam
575 2175 715 2259 quaein
739 2173 930 2239 ‘Philoxeni'
960 2174 1119 2258 glossario
1148 2177 1254 2239 exstat
1282 2176 1393 2260 glossa

246 2304 276 2364 p.
298 2282 370 2366 120,
384 2282 439 2346 38:
471 2282 763 2364 insimulabant:
797 2280 1011 2360 κατηγόρουν,
1044 2303 1082 2344 ea
1108 2302 1173 2344 non
1201 2282 1282 2346 latet
1309 2283 1393 2346 unde

246 2386 384 2475 fluxerit.
429 2385 543 2471 Neque
566 2391 676 2453 tamen
700 2387 761 2452 hac
784 2387 895 2471 glossa
917 2386 996 2450 duce
1023 2385 1185 2450 rationem
1208 2386 1298 2451 illam
1321 2410 1391 2472 per-

247 2493 423 2577 speximus,
456 2493 512 2557 sed
540 2493 722 2557 offendebat
748 2514 808 2557 nos
841 2491 922 2556 illud
950 2491 1073 2575 potius,
1101 2491 1185 2576 quod
1220 2495 1391 2558 earundem

246 2621 361 2663 vocum
388 2599 518 2664 eosdem
546 2622 638 2664 casus
666 2599 838 2683 utrobique
861 2597 1108 2680 reperiebamus.
1145 2598 1214 2663 Iam
1239 2613 1311 2664 cum
1331 2602 1391 2665 fre·

247 2705 477 2788 quentissimus
492 2704 536 2769 sit
553 2705 629 2769 talis
645 2726 830 2787 consensus,
850 2703 937 2767 casui
951 2703 1053 2768 tribui
1069 2706 1390 2791 neutiquampotcst.

247 2808 309 2875 Sed
333 2811 439 2876 iudica
462 2813 538 2896 ipse.

343 2985 483 3042 Ciceronis
503 2986 695 3041 Catilinariae:
965 2967 1112 3041 Philoxeni
1130 2987 1251 3055 glossae:

245 3092 304 3159 l,1:
318 3091 405 3160 Abiit,
418 3093 578 3161 excessit,
593 3090 716 3159 evasit,
731 3109 802 3146 eru·
832 3093 872 3163 [p.
892 3098 935 3161 89,
946 3099 980 3148 92
999 3094 1124 3148 excessit:
1136 3057 1393 3164 ι“ιπερέβη,ιιαρέβη]Ι

249 3189 251 3198 “
315 3180 377 3248 pit.

831 3289 857 3340 p.
891 3276 933 3338 88,
945 3276 978 3324 37
998 3271 1256 3337 ποιέει-ἐξέφυγεν

831 3378 858 3429 p.
892 3364 979 3427 8818
998 3360 1109 3428 craptte
1129 3359 1272 3426 ἐξέρρηξεν

245 3448 353 3516 l,2sq.:
374 3447 453 3513 Quod
472 3464 537 3502 vero
554 3450 729 3503 cruentum
743 3467 802 3502 mu·
832 3467 858 3517 p.
892 3454 978 3516 5ῌῖ
998 3454 1158 3502 cruentam:
1178 3450 1338 3514 ᾑμαγμένον

316 3552 438 3605 croneru,
471 3538 503 3590 nt
528 3535 631 3606 voluit,
664 3538 802 3608 extulit,
831 3555 857 3606 p.
891 3542 934 3604 93,
963 3537 1276 3604 1οῑιιιιῑίιιέξήνεγκεν,
1288 3539 1389 3606 ἐπῇρεν

316 3625 389 3692 quod
422 3624 494 3679 viv'is
530 3626 610 3680 nobis
647 3643 803 3697 egressus
830 3644 857 3693 p.
891 3631 934 3693 83,
945 3631 979 3678 34
998 3641 1118 3694 opressus
1137 3629 1193 3678 csta
1212 3625 1339 3693 ὥρμηεεν

316 3715 378 3781 est,
398 3715 472 3782 quod
487 3713 513 3769 ei
526 3715 630 3769 ferrum
644 3733 659 3770 e
673 3715 802 3772 manibus
867 3753 871 3760 .

316 3803 532 3872 extorsimus,
557 3805 631 3871 quod
649 3803 802 3858 incolumes
830 3821 858 3872 p.
890 3808 933 3870 99,
944 3807 979 3856 48
997 3804 1178 3857 extorsimaer
1198 3803 1389 3869 ἐξετινάξαμεν

316 3891 402 3961 cives,
422 3893 497 3960 quod
514 3894 635 3947 stantem
649 3892 746 3947 urbem
759 3909 801 3946 re-

315 3980 411 4049 liquit,
443 3981 548 4047 quanto
581 3969 694 4034 tandem
721 3980 801 4033 illum

314 4085 439 4123 maerore
454 4083 513 4122 esse
527 4067 670 4122 adflictum
685 4070 714 4123 et
726 4085 801 4137 pro·
829 4088 857 4138 p.
872 4075 932 4138 272,
944 4074 977 4123 18
991 4070 1172 4138 profligatam
1189 4083 1198 4122 ι
1235 4085 1387 4136 προκεκομ-

315 4157 477 4226 fligatum
496 4157 621 4224 putatis?
642 4157 736 4212 lacet
752 4157 802 4212 ille
1044 4159 1127 4224 μένον

315 4262 388 4299 nunc
411 4248 676 4315 prostratusque
705 4248 748 4301 est
773 4249 803 4301 et
829 4267 856 4317 p.
873 4252 977 4314 10a13
996 4247 1085 4302 iacet:
1105 4252 1191 4301 κεῖται

316 4349 344 4388 se
359 4334 551 4402 perculsum
566 4337 651 4404 atque
661 4335 802 4389 abiectum
830 4355 857 4407 p.
874 4341 933 4405 174,
944 4341 978 4391 26
994 4341 1171 4405 prostratus:
1199 4335 1387 4404 προεετριιιμέ·

207 4465 211 4470 .
316 4423 475 4479 esseseutit
493 4426 523 4478 et
540 4425 719 4495 retorquet
737 4440 800 4480 ocu·
1042 4439 1090 4479 νο(
