3232 5122
646 261 800 382 2193
849 353 888 364 -

200 467 491 544 demonstravimus
529 479 724 562 glossarium
762 479 937 563 quoddam,
976 478 1066 543 ouius
1098 482 1207 562 partes
1239 479 1344 563 primo

199 584 417 669 Amploniano
445 585 587 650 insertae
621 589 710 670 sunt,
740 608 807 650 non
835 586 953 656 mirum
981 589 1031 649 est
1058 585 1145 670 quod
1172 585 1270 649 etiam
1298 586 1346 650 ibi

199 691 370 759 Philoxeni
393 693 577 776 glossarum
600 693 738 778 vestigia
761 696 890 757 exstant
913 715 980 757 non
1000 713 1103 758 caeca.
1139 691 1248 756 Unum
1272 714 1344 776 pro·
1456 755 1481 777 Α,

199 798 302 862 feram
331 799 527 882 exemplum:
560 822 590 882 p.
617 799 758 884 129,13
790 799 892 863 habes
927 799 1123 864 lemuriliue:
1154 796 1262 878 ἑορταὶ
1291 805 1346 878 τῆς

200 906 324 984 Αετιαε,
348 906 405 970 ubi
418 905 595 980 Vulcanius
620 905 865 971 adnotationum
883 928 914 989 p.
933 907 986 990 48,
1000 906 1042 970 53
1067 906 1218 970 bueria:
1238 905 1346 984 {optut

200 1017 257 1092 τῆ(
290 1011 410 1077 Ἀττίας
443 1009 488 1096 (h.
512 1023 537 1075 e.
568 1011 674 1077 Accae
706 1010 911 1097 Larentiae),
948 1009 1124 1075 Salmasius
1163 1011 1346 1076 temeratio:
1455 1083 1457 1086 ¹

201 1117 309 1197 ἑορταὶ
333 1125 388 1198 τῆ(
410 1118 528 1183 ‘fierine
560 1119 761 1182 scribendum
785 1123 1032 1202 proposuerunt.
1077 1117 1160 1182 Vide
1183 1139 1261 1181 num
1284 1118 1347 1183 huc

200 1224 300 1290 faciat
322 1225 540 1310 Amploniana
563 1247 593 1309 p.
612 1225 677 1289 346
692 1248 711 1289 a
728 1225 790 1289 136
814 1224 946 1308 glossat*
967 1224 1150 1289 1000000011
1174 1224 1238 1288 dies
1258 1225 1348 1305 scetes

201 1331 323 1396 letitiae.
840 1360 845 1367 ·
917 1335 924 1350 '

289 1473 444 1539 Nondum
476 1474 584 1538 omnia
620 1493 701 1556 quae
738 1472 778 1536 ad
815 1473 912 1552 κρίειν
950 1475 1097 1558 spectant
1130 1474 1348 1540 exhausimus.

201 1579 313 1664 Neque
347 1580 433 1644 enim
468 1580 548 1644 illud
581 1581 817 1665 neglegendum
851 1582 935 1664 quod
964 1581 1169 1645 Philoxeni
1201 1580 1347 1664 glos'sa-

201 1709 282 1750 rum
315 1708 405 1770 pars
437 1687 629 1750 lemmatis
663 1690 700 1750 et
731 1686 1071 1770 interpretamenti
1100 1686 1233 1750 ordine
1261 1707 1348 1748 con-

202 1797 313 1857 verso
335 1793 439 1856 inter
458 1789 599 1875 Oyrilli
623 1792 778 1875 glossas
803 1793 1091 1876 graecolatinas
1111 1796 1249 1857 exstat.
1282 1777 1347 1855 Ilu-

180 1901 297 2000 'plicis
321 1899 417 1963 huius
440 1899 614 1996 memoriae
638 1899 785 1982 exempla
809 1898 888 1962 haec
913 1902 1022 1962 sunto:

388 2091 568 2145 Philoxenus:
1001 2091 1135 2160 Oyrillus:

202 2217 229 2267 p.
263 2203 362 2266 34,44:
382 2196 761 2266 capillamentumtrptxmpo
789 2215 816 2266 p.
831 2203 892 2266 639,
902 2202 950 2251 52:
969 2198 1112 2266 τρίχωμαε
1127 2171 1350 2268 capillamentum

202 2293 364 2364 11140311Ι
381 2287 539 2340 motacillae
559 2285 709 2351 (00111ογ1(
788 2304 815 2356 p.
832 2291 949 2355 601301
967 2286 1349 2356 cercouurtcemoticcllamo-

1002 2377 1128 2458 tecclla

202 2484 230 2534 p.
263 2465 363 2533 30,'52:
382 2465 489 2519 blanc:
508 2465 611 2532 εὐήθη(
789 2481 816 2531 p.
831 2469 891 2531 477,
902 2469 949 2518 321
970 2464 1349 2533 εὐήθη(,όμωρὸεεϋ100,

1001 2553 1117 2621 simplex

177 2619 179 2624 Ι
203 2661 229 2711 p.
264 2643 567 2710 ceommundum
600 2642 663 2694 hebr
695 2641 761 2694 ἀπο·
789 2659 816 2719 ρ..
831 2647 892 2708 489,
902 2631 949 2694 591
969 2641 1032 2693 hebr
1055 2641 1263 2707 duorpdrrmocz
1289 2642 1348 2696 Au-

416 2732 549 2798 τρόπαιο(
1002 2745 1106 2782 raucus
1269 2741 1270 2744 ’

294 2931 322 2994 7.
345 2929 461 2992 Restat
479 2928 543 2992 iam
562 2950 613 2992 ree
633 2926 818 3013 gravissimi
836 2927 1006 2991 momenti:
1028 2927 1250 3011 quaestionem
1268 2929 1350 3012 dico,

204 3060 282 3101 num
301 3039 387 3100 inter
404 3035 638 3120 exquisitarum
657 3035 841 3119 glossarum
861 3035 901 3098 ad
920 3034 1158 3100 vetustissimos
1176 3036 1360 3124 scriptores

206 3143 419 3227 spectantium
443 3140 549 3205 fontes
563 3141 672 3230 etiam
687 3141 802 3205 Festus
822 3141 889 3206 site
904 3140 1038 3206 Verrius
1053 3141 1187 3206 Flaccus
1210 3142 1350 3206 referen-

205 3251 263 3314 dus
288 3250 339 3314 sit.
384 3246 515 3312 Etenim
539 3269 611 3310 eum
636 3247 690 3332 qui
714 3249 841 3333 glossas
871 3248 938 3320 sive
966 3249 999 3311 in
1029 3248 1176 3332 linguam
1200 3268 1374 3332 graecam
1486 3245 1491 3254 '

204 3355 386 3433 transtulit,
416 3354 484 3418 sive
512 3354 547 3417 in
577 3352 769 3419 ‘Philoxeni’
800 3355 916 3437 eorpus
944 3353 1082 3438 redegit,
1110 3375 1177 3418 non
1204 3375 1242 3418 ex
1269 3355 1350 3438 ipsis

174 3493 180 3510 ·
205 3464 271 3528 illis
295 3464 420 3547 priscae
444 3461 560 3524 aetatis
586 3461 812 3545 scriptoribus,
836 3461 891 3525 sed
912 3482 928 3523 e
947 3459 1094 3524 fontibus
1113 3460 1185 3543 plus
1205 3461 1350 3525 minusve
1449 3511 1451 3518 .

205 3569 401 3634 secundariis
424 3568 572 3632 hausisse
594 3590 653 3652 per
675 3590 710 3632 se
732 3571 832 3652 patet.
877 3566 1001 3650 Negari
1025 3551 1133 3630 autem
1155 3589 1222 3632 non
1244 3570 1352 3650 potest

205 3675 303 3742 Festi.
324 3675 523 3740 collectanea.
551 3675 638 3738 inter
665 3674 836 3740 Philoxeni
868 3673 973 3736 fontes
1001 3672 1110 3736 fuisse.
1156 3672 1237 3736 'Fam
1266 3675 1350 3738 enim

205 3783 393 3867 frequenter
418 3782 547 3846 eaedem
571 3781 741 3866 utrobique
766 3781 941 3866 singularis
970 3779 1064 3863 plane
1088 3779 1254 3844 doctrinae
1277 3780 1350 3844 reli-

206 3891 301 3975 quiae
325 3891 468 3971 exstant,
496 3892 532 3952 ut
555 3889 645 3954 casui
667 3889 744 3954 talis
768 3909 943 3953 consensus
967 3886 1067 3950 tribui
1090 3890 1238 3970 nequeat.
1280 3885 1351 3962 Qua

206 3997 244 4060 de
263 3996 395 4061 ratione.
408 4015 475 4058 non
493 3994 658 4060 dubitabit
676 3996 732 4079 qui
748 3994 903 4080 Scaligeri
918 3995 958 4059 ad
971 3993 1104 4058 Festum
1124 3993 1350 4057 adnotationes

100 4177 107 4193 ¹
207 4127 279 4168 cum
303 4100 473 4185 diligentia
495 4101 704 4167 lectitaverit:
726 4103 873 4168 locorum
896 4103 1114 4181 παραλλήλων
1138 4099 1350 4164 ePhiloxeno

206 4211 382 4294 petitorum
414 4208 598 4291 frequentia
630 4212 726 4293 atque
760 4206 939 4272 similitudo
971 4229 1038 4271 non
1070 4206 1198 4289 poterit
1222 4205 1252 4268 ei
1284 4228 1351 4270 non

206 4316 407 4402 persuadere.
454 4314 656 4398 Quamquam
687 4313 923 4380 concedendum
951 4316 1001 4376 est
1029 4312 1190 4396 permulta
1212 4333 1294 4395 quae
1317 4313 1351 4375 in

207 4424 332 4510 glossis·
357 4422 459 4486 habes
492 4420 671 4505 paullulum
704 4421 885 4503 discrepare
915 4441 935 4484 a
962 4419 1070 4484 forma
1102 4418 1187 4503 apud
1217 4416 1350 4481 Festum

263 4537 357 4587 news,
371 4537 399 4576 uo
414 4537 481 4584 gloss.
496 4535 535 4575 ut.
1106 4529 1138 4576 13
