3216 5126
658 319 701 330 -
749 267 810 350 129
859 317 900 332 -

211 446 251 510 ab
272 444 365 509 initio
389 444 512 528 primas
535 443 661 508 litteras
683 445 782 509 etiam
801 445 1066 509 terminationum
1085 443 1168 509 ratio
1187 441 1354 509 habeatur.

192 551 254 632 *Id
277 552 362 636 quod
385 553 433 616 ita
456 571 525 614 esse
549 551 709 615 docebunt
730 551 792 615 hae
819 553 1007 615 lemmatum
1031 551 1143 617 series:
1328 557 1332 567 ‘

220 691 312 759 Ampl.
328 709 354 759 p.
370 696 445 744 272a
456 696 488 743 59
495 707 570 758 sqq.:
608 689 700 758 Ampl.
715 709 742 759 p.
756 696 830 744 293a
843 696 875 744 67
883 708 956 759 sqq.:
993 689 1092 759 fragm.
1102 689 1239 768 Werthin.
1250 709 1277 759 p.
1288 697 1356 744 lte:

263 797 412 857 Aedioula
653 794 853 865 Conpatriota
1038 796 1189 866 Diuigena

263 885 485 953 Aequilibrium
652 883 781 938 Concha
1038 885 1203 939 Dimisoria

264 975 493 1043 Aegrimonium
653 972 831 1041 Conpendia
1038 973 1196 1028 Diathima

264 1064 395 1116 Aevum
654 1059 812 1116 Concubia
1039 1063 1199 1116 Dictatura

265 1151 495 1220 Aegripumium
654 1149 783 1204 Conana
1039 1151 1167 1205 Diauloa

266 1240 432 1296 Aedulium
613 1295 615 1298 ,
654 1236 843 1308 Coniugium
1039 1239 1210 1310 Diliquium

267 1329 508 1396 Aequamentum
654 1325 839 1381 Convivium
1040 1328 1262 1382 Divertioulum

267 1417 407 1472 Aevulus
650 1411 854 1484 'Congiarium
1040 1417 1216 1471 Divortium

268 1507 419 1560 Aesculus
654 1502 838 1558 Consultum
1041 1505 1230 1574 Dipondium

267 1594 422 1648 Aedituus
655 1591 893 1647 Contubernium
1042 1593 1242 1663 Didragmum

266 1683 404 1737 Aeratus
655 1680 862 1750 Conpluvium
1042 1683 1212 1737 Dietaliuni

266 1773 402 1825 Aerosus
656 1769 851 1824 Conventum
970 1805 972 1810 ·
1042 1771 1231 1840 Duplomum

267 1859 416 1912 dedimus
655 1857 874 1912 Contidianum
1041 1861 1224 1914 Ductarium

267 1949 436 2002 Aestuosus
591 1968 593 1990 i
655 1945 896 2001 Conciliabulum
1000 1947 1003 1951 ’
1042 1948 1236 2002 Dueadetum

268 2035 436 2089 Aedilioius
656 2033 837 2089 Conuexum
1043 2035 1217 2090 Duoioadus

267 2123 467 2194 Aesculapius
657 2121 855 2192 Consponsus
1044 2123 1258 2194 Dupli'euarius

268 2213 472 2266 Aerumnosus
657 2205 815 2266 Coneiiius
1042 2213 1193 2267 Duriosus

268 2301 482 2354 Aevimaturus
658 2298 855 2354 Conlibeitus
1042 2301 1157 2356 Ductio

269 2389 442 2459 Aequorius
657 2386 900 2456 Coneorporatus
1042 2391 1190 2459 Duplitas

215 2498 301 2562 Hine
317 2499 414 2562 ¹vides
437 2497 484 2561 ita
508 2496 646 2560 collecta
668 2518 738 2559 esse
761 2497 906 2581 nomina,
936 2501 973 2561 ut
1002 2499 1133 2562 eaedem
1161 2500 1362 2564 terminatio-

217 2627 274 2668 nes
299 2604 410 2667 eodem
435 2624 561 2685 semper
584 2602 696 2669 ordine
720 2607 904 2685 sequantur.
951 2604 1061 2669 Habes
1086 2607 1185 2669 enim:

514 2741 553 2809 1¹)
662 2741 716 2809 ,n
816 2730 892 2794 ’ΠΙ
1023 2744 1061 2796 iv

501 2907 583 2954 -a14
670 2909 749 2954 -αι
841 2875 921 2956 -as
1023 2909 1087 2956 -an

475 3069 581 3136 fuml
643 3069 752 3114 -umo
812 3081 869 3116 -um
889 3069 922 3117 10
995 3069 1087 3116 -umt
1162 3049 1164 3053 ¹

644 3226 752 3275 'uolt
824 3229 923 3276 -ust
1009 3229 1087 3274 -as3

219 3704 312 3768 Unde
349 3703 433 3768 hane
467 3703 734 3789 terminationum
769 3703 875 3788 legem
913 3703 1108 3767 derivamus:
1144 3725 1177 3766 o
1209 3726 1273 3770 -um
1305 3726 1363 3770 -ua

221 3811 307 3886 Quae
331 3815 367 3874 ut
391 3811 581 3893 suppleatur
604 3814 637 3874 et
660 3810 764 3892 quoad
794 3810 863 3873 eius
890 3809 960 3872 fieri
988 3809 1093 3892 possit
1120 3809 1248 3893 integra
1276 3811 1364 3874 inda-

221 3922 327 4001 getur,
359 3918 542 4001 longiorum
574 3917 720 3980 ordinum
749 3917 909 3980 rationem
942 3917 1119 3981 habeamus
1147 3938 1277 3980 neeesse
1306 3920 1364 3981 est.

221 4022 291 4098 Qua
318 4024 351 4101 in
379 4045 413 4086 re
443 4024 631 4088 lemmatum
664 4023 824 4106 principia
854 4047 953 4107 supra
984 4046 1142 4106 ponemus
1170 4026 1203 4086 et
1230 4045 1364 4088 numero

222 4131 359 4222 singulis
382 4129 667 4193 terminationibus
696 4129 805 4193 addito
833 4134 913 4212 quot
937 4130 1078 4194 eiusdem
1105 4131 1209 4194 exitus
1232 4131 1365 4193 nomina

222 4240 351 4301 exstent
374 4235 597 4300 iudicabimus,
644 4235 782 4318 Stellula
806 4236 956 4299 lacunam
979 4236 1098 4300 codicis
1122 4237 1316 4319 designabit.

296 4395 314 4462 ¹)
334 4394 366 4448 V.
386 4393 520 4448 lemmata
539 4412 564 4461 p.
584 4399 632 4446 128
652 4394 798 4462 exscripta.

275 4493 370 4544 Ltus,
385 4493 412 4532 de
428 4493 495 4540 gloss.
509 4493 548 4532 lut.
789 4553 791 4560 Α
832 4523 833 4528 ,
1135 4487 1151 4534 9
