3222 5122
668 351 706 361 -
755 315 910 378 309-

444 479 574 539 calaa:
598 475 727 540 claadas
749 495 770 538 a
792 494 868 538 coaa
890 475 936 538 ael
958 475 1137 540 claudicans

307 578 368 634 cod.
382 578 508 632 Ambrae.
524 577 591 631 Bes
610 576 659 630 inf.
679 579 780 646 (ccltaa
798 576 914 645 clodas);'
934 577 1018 649 gloss.
1037 578 1101 647 post
1121 577 1222 634 Salam.
1241 576 1260 631 f.
1272 577 1362 631 26611)

308 669 409 736 (collau
429 708 434 720 .
451 708 457 721 .
476 667 633 736 claadaas);
653 667 713 722 eod.
732 666 876 722 Leidensis
895 667 959 722 671)
975 666 993 721 l.
1005 673 1077 721 14¹e
1095 669 1196 736 (caltaa
1215 667 1326 733 clocas).

217 777 307 843 Haec
331 779 387 842 aut
409 775 537 860 plenior
559 776 716 850 memoria
739 776 866 860 glossae
884 774 917 840 II
942 779 1004 860 est,
1032 779 1089 841 aut
1115 777 1174 840 illa
1196 775 1267 860 ipsa
1289 798 1362 840 eum

217 907 303 949 nova
324 888 436 949 calca:
460 883 638 948 claudicans
661 882 890 948 contaminata.
1150 871 1157 886 ⁵

335 1012 471 1073 calaar-
485 1007 614 1078 elucidas
635 1028 657 1070 a
678 1027 767 1091 coca,
790 1008 871 1090 qaod
891 1007 982 1089 qaasa'
1001 1027 1124 1090 pressas
1148 1006 1239 1072 cadat

308 1111 473 1180 glossarium
492 1111 650 1167 Salomonis
668 1110 687 1164 f.
707 1117 791 1166 30Va.

217 1223 307 1287 Haec
335 1223 446 1306 glossa
473 1245 492 1286 a
520 1219 750 1286 vetustioribus
783 1218 871 1284 ‘libri
899 1219 1092 1304 glossarum'
1126 1222 1361 1306 exemplaribus

218 1329 323 1394 aliena
347 1329 387 1394 ad
413 1328 547 1392 eandem
571 1327 823 1410 originationem
847 1327 932 1391 redit
954 1327 1037 1392 unde
1064 1331 1142 1392 nata
1170 1332 1219 1393 est
1244 1329 1361 1394 similis
1450 1383 1454 1390 .

217 1436 388 1520 quaedam,
413 1435 453 1500 ad
476 1434 735 1517 Ugutionem·ut
757 1433 884 1499 videtur
907 1434 1087 1500 revocanda
1096 1417 1111 1500 ι’

381 1595 393 1614 ι
492 1560 628 1624 cadaa:
653 1559 793 1636 claudae,
816 1559 981 1641 aalsaepe
1004 1561 1088 1624 cadit
1135 1627 1141 1648 ⁶

289 1663 424 1718 'Osberni
442 1662 590 1716 Panormia
609 1680 635 1731 p.
656 1663 744 1728 1491),
772 1662 910 1716 Iohannes
929 1662 963 1716 de
982 1665 1081 1750 16666,
1109 1665 1217 1734 glossae
1238 1666 1358 1721 ‘Isidori’

305 1770 332 1820 p.
348 1758 407 1819 673,
423 1759 465 1806 22.
495 1750 534 1806 Cf.
555 1751 640 1806 etiam
654 1751 698 1805 Du
710 1751 809 1821 (langii
823 1751 947 1821 glossam
965 1751 1180 1808 latinoitalicam
1194 1772 1287 1810 mser:
1307 1772 1359 1810 ca·

305 1840 390 1894 aasz
411 1841 540 1894 codenola

215 1949 395 2014 Videbatur
410 1949 494 2016 enlm
509 1973 571 2015 vox
586 1950 733 2014 inaudita
748 1949 861 2015 ‘calex'
873 1981 915 2002 =
928 1951 1056 2018 claudas
1070 1976 1089 2017 a
1104 1951 1266 2018 ‘cadendo'
1276 1954 1358 2019 deri-

215 2060 292 2121 vata
311 2079 394 2142 esse,
419 2059 474 2142 qui
492 2079 580 2122 error
604 2057 702 2121 etiam
721 2056 841 2126 lemma
863 2058 992 2142 glossae
1011 2059 1238 2142 pessumdedit.

552 2219 581 2283 3.
612 2223 739 2283 calca:
762 2219 904 2296 claudas,
927 2238 1019 2283 coaas

304 2341 362 2396 cod.
383 2339 526 2395 Leidensis
545 2341 608 2396 67Ε
628 2317 881 2410 6616316666
903 2339 1024 2394 ‘Isidori’
1045 2359 1073 2410 p.
1093 2346 1153 2411 674,
1169 2347 1210 2397 55.

214 2447 315 2516 Casas
340 2450 419 2515 illud
452 2451 586 2536 vulgare
619 2455 669 2516 est
700 2448 925 2535 vocabuluml)
959 2451 1227 2534 quemadmadum
1261 2455 1358 2534 etiam

213 2578 297 2637 coac,
328 2557 418 2622 ouius
447 2581 528 2622 unus
556 2557 650 2622 166116
678 2555 804 2622 Nonius
827 2557 848 2622 l.
873 2580 896 2622 s.
921 2579 959 2642 6.,
992 2560 1024 2621 61
1055 2578 1194 2638 aenaeae,
1227 2561 1312 2644 quod
1341 2585 1357 2626 e
1464 2610 1467 2624 .

213 2663 324 2749 glossa
354 2682 501 2729 coaosas:
528 2661 711 2750 scladlcasI)
745 2661 827 2748 (eod.
860 2649 1112 2746 Arirplonianus³
1139 2689 1169 2749 p.
1193 2667 1355 2751 293,136

212 2774 245 2835 et
267 2771 486 2854 fragmentum
508 2770 664 2858 Deyoksii
686 2793 716 2854 p.
739 2767 819 2855 146)
843 2769 992 2834 eruimus
1214 2761 1219 2775 ’

301 2875 452 2943 Ceterum
472 2884 596 2944 acalaa
610 2878 790 2943 derivatum
808 2881 858 2942 est
876 2879 1023 2960 calaclas,
1042 2880 1146 2962 quode
1166 2879 1237 2944 vide
1252 2879 1356 2976 Musei
1427 2891 1430 2898 '

211 2983 359 3047 Rhenani
382 2987 404 3049 t.
423 2985 532 3067 XXXI
555 2981 718 3070 (61816)
741 3008 772 3067 p.
791 2984 842 3049 59.

298 3124 356 3192 IV.
378 3125 482 3190 Lucili
502 3148 539 3190 ex
558 3125 690 3202 incertis
710 3125 803 3204 libris
821 3125 1041 3210 fragmentum
1054 3124 1198 3191 XXVIII
1217 3125 1260 3213 (p.
1280 3130 1354 3214 139)

210 3230 358 3318 Festus³)
378 3232 472 3302 Pauli
492 3233 634 3298 servavit
653 3257 683 3317 p.
700 3232 772 3318 175,
787 3234 821 3298 2:
845 3232 1097 3317 ‘noctilugam
1116 3233 1259 3300 Lucilius
1283 3257 1354 3300 cum

210 3340 303 3423 dixit,
329 3341 504 3405 obscenum
528 3337 712 3425 signifieat'.
758 3339 856 3416 Quasi
879 3338 983 3405 herba
1005 3340 1128 3426 irrigua
1152 3342 1355 3409 coniecturae

210 3448 250 3512 ad
272 3448 335 3513 hoe
357 3470 457 3512 unum
481 3447 673 3511 vocabulum
702 3450 883 3530 spectantes
908 3451 1142 3520 succreverunt.
1188 3447 1237 3512 De
1260 3449 1369 3520 Pau'li'

210 3557 319 3620 autem
346 3554 510 3619 codicibus
538 3576 603 3618 non
625 3575 738 3617 verum
766 3555 816 3617 est
844 3551 929 3635 quod
957 3548 993 3615 Ο.
1013 3550 1201 3635 Muellerus,
1220 3555 1354 3621 adnotat

210 3658 419 3741 ‘aoclilapaml
445 3660 491 3724 sic
514 3657 656 3746 Paulus',
679 3661 808 3722 secutus
831 3657 886 3720 ille
911 3657 996 3722 solos
1016 3655 1298 3725 Guelferbitanum
1321 3666 1354 3726 et

160 3874 169 3902 ⁸
283 3871 301 3939 ¹)
320 3869 360 3925 Cf.
375 3885 496 3938 coxas:
516 3873 604 3938 χωλός
622 3870 651 3925 16
665 3869 824 3940 ExaerplisI
839 3867 974 3938 Stephani
987 3887 1014 3938 p.
1029 3875 1091 3938 349,
1102 3875 1135 3923 52
1154 3831 1352 3939 (1616666611

209 3958 335 4031 Scaliger
354 3960 533 4030 emendavit).

282 4069 301 4137 ²)
320 4069 448 4124 sciaticus
462 4068 534 4124 libri.
564 4023 708 4124 Scladieds
722 4084 756 4122 ex
769 4068 929 4134 iscladicas,
948 4067 1001 4122 hoo
1016 4070 1060 4122 est
1073 4067 1226 4138 ἰεχιαδικόε,
1245 4069 1351 4124 factum

208 4160 251 4213 est
267 4160 300 4213 ut
318 4157 427 4228 Spania
445 4175 479 4212 ex
497 4158 665 4228 (ll)lspaaia
684 4160 713 4213 et
731 4156 787 4211 alia
805 4156 903 4210 multa.

280 4265 300 4336 ³)
319 4266 351 4320 In
369 4265 446 4320 Festi
465 4265 560 4320 codice
578 4265 710 4320 lacunosa
734 4264 827 4334 ipsum
849 4264 902 4317 hoe
926 4262 1093 4317 vocabulum
1116 4261 1265 4318 intercidit.
1304 4264 1350 4318 Vi-

206 4373 300 4410 rorum
318 4357 463 4411 duatorum
487 4355 681 4425 supplementa
700 4354 834 4410 Oehlerus
856 4353 918 4410 loco
942 4369 1025 4425 quem
1048 4350 1144 4410 statim
1166 4349 1351 4412 indicabimus

208 4446 240 4502 ut
258 4443 361 4503 codicis
380 4444 543 4502 memoriam
561 4445 674 4518 profert.
1140 4447 1142 4453 '
