3178 5122
226 469 477 533 differentiarum
510 491 548 534 ex
578 492 637 533 ms.
665 469 726 534 lac.
755 468 945 554 Bongarsii'
975 467 1164 554 ‘explicatio
1194 495 1307 537 vocum
1338 473 1373 536 in

225 575 351 660 legibus
374 575 438 640 XII
466 576 667 641 tabularum'
692 576 815 661 ‘legum
830 577 929 660 'apud
957 579 1081 642 veteres
1112 579 1284 662 scriptores
1308 601 1373 643 cre-

226 682 315 746 brius
345 687 668 759 commemoratarum
702 683 869 768 magisque
900 684 1153 749 necessariarum
1187 687 1371 768 explicatio'

226 788 434 872 ‘glossarium
458 788 702 854 Terentianum’
727 789 894 874 ‘excerpta
921 811 960 852 ex
983 789 1194 874 Moschopulo
1223 791 1256 856 in
1285 791 1371 876 Aga·

226 895 347 978 petum’
372 895 578 981 ‘glossarium
602 895 797 960 Gellianum’
822 894 959 960 ‘lexicon
983 895 1234 962 Terentianum'.

313 1038 347 1102 P.
370 1039 552 1104 177-180.
598 1039 647 1103 De
675 1061 742 1102 non
770 1037 869 1102 nullis
897 1038 1113 1103 bibliothecae
1137 1039 1372 1104 Ambrosianae

226 1144 392 1231 glossariis
412 1145 507 1208 aliter
526 1147 621 1229 atque
640 1144 701 1208 feci
719 1144 925 1208 iudicandum
946 1167 1014 1209 esse
1034 1147 1186 1230 intellexi,
1199 1150 1372 1232 postquam

231 1255 300 1338 ipse
324 1276 361 1317 ea
384 1253 578 1316 examinavi:
603 1252 706 1337 quode
730 1251 808 1316 alibi
831 1253 933 1334 plura.

314 1395 350 1462 P.
376 1395 436 1458 191
463 1417 510 1479 sq.
555 1393 709 1479 Aliquam
732 1393 901 1458 Philoxeni
930 1395 1112 1480 glossarum
1140 1401 1266 1480 partem
1295 1399 1371 1461 olim

226 1525 312 1567 mere
335 1501 470 1565 latinam
494 1502 592 1566 fuisse
616 1501 732 1566 docent
751 1501 848 1564 etiam
868 1503 1014 1586 exempla
1034 1501 1120 1566 infra
1139 1527 1168 1587 p.
1183 1504 1247 1567 299
1263 1504 1371 1582 611113

226 1603 387 1694 (96116661
402 1605 610 1694 καρυοτόμια)
626 1609 736 1672 61303
757 1605 956 1694 (multoniam
971 1627 979 1673 :
997 1607 1245 1695 προβαεκάνιον)
1261 1611 1371 1692 allata,

227 1709 343 1801 quibus
372 1713 452 1778 adde
480 1715 622 1799 glossam
652 1715 774 1778 nerias:
799 1715 924 1781 ἐξουεία
948 1716 1104 1796 θαλάεεη(
1119 1716 1163 1803 (p.
1180 1718 1252 1800 143,
1266 1718 1309 1782 42
1323 1718 1371 1781 ed.

226 1820 332 1908 Vulc.)
362 1845 401 1885 ex
428 1821 700 1886 111616161661666
727 1822 825 1884 moris
854 1822 936 1885 male
965 1823 1168 1888 translatam.
1218 1822 1373 1887 Similiter

113 1965 115 1968 ·
227 1929 367 1993 eiusdem
392 1926 543 2013 glossarii
566 1950 597 2010 p.
623 1928 673 2009 14,
697 1927 740 1990 20
773 1926 916 2010 glossam
943 1928 1027 1993 infra
1055 1954 1085 2014 p.
1109 1931 1172 1994 321
1198 1930 1372 1994 excitatam

226 2035 387 2098 altilium:
411 2024 562 2098 cireuidrv
586 2033 820 2116 explicaverim.
867 2032 1006 2098 Videtur
1030 2036 1116 2100 enirn
1140 2037 1194 2119 qui
1215 2036 1372 2116 furtorum

226 2141 550 2226 interpretamentum
573 2139 608 2202 in
632 2160 782 2224 graecum
808 2141 976 2222 convertit,
1001 2142 1080 2206 illud
1105 2165 1124 2206 a
1144 2143 1246 2223 tortor
1268 2141 1371 2206 nomi-

226 2247 337 2312 nativo
360 2248 531 2314 derivasse.

314 2388 348 2456 P.
375 2392 446 2455 192.
479 2389 541 2454 Η16
569 2389 635 2453 11116
662 2389 828 2454 Leidensis
858 2391 944 2456 6111
973 2392 1128 2456 memoria
1158 2414 1243 2492 mere
1267 2393 1371 2458 latina

227 2494 419 2561 ‘Philoxeni'
436 2497 603 2581 scripturis
618 2497 829 2580 praeferenda
841 2520 910 2562 esse
920 2499 1059 2563 videtur:
1075 2498 1272 2563 cf.lemmata
1282 2499 1371 2584 ‘gna

225 2603 350 2688 rorem'‚
360 2603 530 2689 ‘grumarc'
541 2601 748 2690 (1691666166
758 2604 842 2687 apud
853 2604 1015 2670 Lucilium
1027 2603 1152 2691 habes),
1163 2605 1372 2690 grundiunt.

314 2745 349 2810 P.
363 2748 429 2811 210
445 2770 512 2832 sqq.
544 2746 737 2811 Baehrensii
757 2747 903 2811 comitati
927 2748 1026 2812 debeo
1051 2749 1262 2832 apographon
1286 2751 1371 2834 glos-

229 2861 335 2917 sarum
360 2854 652 2939 graecolatin'arum
680 2854 715 2917 in
743 2854 811 2918 cod.
834 2852 982 2918 Leidensi
1004 2854 1083 2919 bibl.
1107 2855 1195 2938 publ.
1219 2837 1371 2940 161611)

226 2982 307 3025 saec.
320 2961 367 3024 IX
386 2962 407 3026 f.
423 2963 459 3026 8r
483 2963 683 3046 scriptarum,
707 2983 788 3044 quae
812 2961 886 3025 iride
910 2984 929 3025 a
951 2962 1238 3030 ΠΕΡΙΤΡωΠΟΝ.
1252 2965 1288 3028 116
1310 2984 1372 3027 166-

225 3069 274 3132 dis
296 3068 345 3132 661
368 3068 616 3134 consensionibus
644 3089 745 3151 usque
777 3068 817 3131 ad
843 3063 1073 3134 ΜΕΤὰΘΕΕΙ(
1102 3071 1299 3151 transpositio
1323 3070 1372 3134 661

226 3175 388 3240 translatio
417 3175 587 3258 pertinent.
635 3172 717 3237 Sunt
751 3165 857 3237 autem
890 3175 1101 3240 terminorum
1130 3177 1184 3261 qui
1213 3180 1371 3241 vocantur

226 3282 511 3365 grammaticorum
536 3286 569 3346 et
587 3282 820 3346 rhetoricorum
841 3283 919 3346 satis
943 3275 1050 3347 ieiuna
1073 3284 1371 3370 interpretamenta.

315 3424 349 3488 P.
364 3424 429 3488 222
449 3448 518 3509 sqq.
555 3424 706 3489 Codicem
730 3424 983 3489 Ambrosianum
1007 3424 1034 3488 B
1054 3427 1097 3490 36
1117 3427 1172 3491 inf.
1195 3428 1328 3491 membr.
1347 3450 1371 3492 s.
1486 3459 1491 3469 ·

225 3529 273 3594 XI
289 3529 375 3595 ‘libri
389 3531 583 3616 glossarum'
599 3534 779 3616 exemplum
795 3553 864 3596 esse
878 3532 1020 3598 breviter
1034 3533 1099 3597 dixi
1112 3557 1142 3617 p.
1155 3511 1227 3597 17'9.
1248 3532 1372 3616 Nempe

226 3658 293 3701 non
312 3639 452 3720 epitome
471 3642 534 3722 est,
558 3639 613 3702 sed
633 3639 759 3723 integra
778 3640 947 3724 memoria,
970 3640 1107 3704 fontium
1131 3640 1290 3705 indiculos
1315 3641 1371 3704 ali-

228 3766 292 3827 qua
319 3767 357 3808 ex
380 3750 471 3829 parte
494 3746 631 3810 fideliter
655 3768 794 3810 servans.
831 3746 894 3810 Hic
917 3747 985 3811 illio
1008 3748 1043 3810 in
1066 3747 1224 3831 principio
1245 3752 1371 3832 quater-

225 3851 358 3915 nionum
387 3851 466 3917 folia
492 3874 561 3916 non
590 3853 680 3916 nulla
707 3853 947 3918 interciderunt.
992 3852 1153 3918 Turbatus
1178 3857 1227 3917 661
1250 3854 1371 3937 glossa·

227 3981 298 4023 rum
335 3958 414 4023 ordo
443 3959 477 4022 in
507 3981 523 4024 6
551 3963 583 4023 61
606 3981 637 4022 m
661 3959 778 4024 litteris
789 3956 823 4043 ²).
870 3957 1059 4023 Accuratius
1082 3959 1116 4022 in
1141 3959 1372 4043 scripturarum

226 4064 367 4129 indolem
386 4065 549 4150 inquirens
568 4067 695 4150 repperi
713 4066 831 4131 librum
851 4065 942 4150 quasi
961 4065 1094 4130 fratrem
1110 4066 1282 4150 gemellum
1301 4087 1371 4130 6666

301 4259 319 4328 ¹)
339 4259 451 4314 De'hoc
470 4258 566 4338 codice
585 4278 609 4314 v.
630 4260 667 4316 M.
686 4260 831 4315 Hertaium
853 4257 883 4313 in
906 4257 1042 4314 Prisciani
1066 4257 1240 4327 praefatione
1258 4278 1285 4329 p.
1296 4259 1370 4315 XIII.

300 4346 319 4416 ²)
338 4347 424 4404 Velut
442 4347 471 4402 in
493 4349 634 4405 1611116111
657 4348 731 4403 hunc
753 4349 852 4404 habes:
875 4347 1216 4414 1616-1661-1166-,16611-
1237 4379 1268 4388 -
1288 4365 1371 4416 mon,

226 4448 351 4491 1166-
370 4438 448 4504 6161,
466 4438 528 4494 mis·
548 4469 581 4479 -
600 4439 951 4505 1616·,166-1666-,1666-
970 4467 1003 4476 -
1023 4441 1101 4505 mut,
1120 4453 1174 4492 166.
