3232 5122
696 279 935 345 -184-

209 467 212 484 ·
247 441 374 508 tionum
397 439 468 505 laus
487 439 526 504 ad
542 437 740 526 Scaligerum
764 435 987 504 transferenda
1010 441 1068 502 est.
1106 433 1158 500 Ad
1181 434 1391 520 comproban-
1481 443 1495 474 ⁸

249 546 322 613 dam
345 547 429 613 hanc
452 545 613 612 rationem
637 546 784 630 exempla
802 567 873 628 pon
896 543 975 610 adeo
1000 545 1102 610 multa
1125 543 1298 609 sufficiunt.

338 654 473 721 Glossae
496 675 526 738 p.
544 653 596 738 30,
610 651 653 718 45
677 652 722 718 cu
744 651 793 719 dic
815 653 861 719 la's
883 669 973 720 sura:
996 649 1147 731 ἀκαιρεον
1171 647 1315 736 Scaliger
1338 646 1391 716 ad-

251 761 396 848 scripsit:

666 847 746 914 Bis:
770 847 817 913 δίε

665 955 816 1020 Βὶεεαιιιι
840 953 989 1033 ἀκέραιον

250 1081 334 1146 Hinc
356 1080 535 1150 Vulcanius
559 1079 595 1145 in
618 1077 881 1146 adnotationibus
904 1101 935 1164 p.
957 1079 1006 1164 19,
1021 1080 1054 1144 6ι
1081 1078 1153 1144 ‘bis
1167 1077 1217 1142 dio
1240 1077 1290 1143 bis
1315 1099 1395 1162 sum,

186 1179 189 1188 ’
249 1185 413 1266 ἀκαιρεονι
441 1188 532 1254 10066
560 1185 675 1254 misere
704 1187 886 1272 corruptus3
913 1186 986 1273 lege
1009 1187 1068 1266 aa,
1092 1185 1147 1250 tic.
1172 1185 1300 1270 666066,
1323 1183 1393 1251 ἀκέ-

249 1291 363 1374 ραιον’.

339 1397 475 1466 Glossae
499 1422 529 1483 p.
550 1399 673 1484 31,13:
696 1397 823 1466 becbuc:
848 1400 1027 1479 Βοτεγεροι,
1051 1399 1095 1464 ὼε
1119 1399 1150 1465 οἱ
1175 1397 1296 1466 Γάλλοι.
1343 1397 1394 1463 In·

250 1505 508 1593 geniosissimam
527 1505 682 1592 Scaligeri
705 1504 963 1587 emendationem
987 1506 1069 1592 ‘lege
1092 1506 1180 1572 Bos:
1201 1509 1276 1588 poce
1313 1505 1394 1571 Bor:

251 1613 400 1693 ἑτεροὶαιε
423 1613 454 1679 οἱ
474 1611 600 1679 Γάλλοι’
624 1634 715 1678 suam
739 1611 816 1678 fecit
835 1611 1010 1678 Vulcanius
1033 1636 1064 1697 p.
1082 1613 1131 1697 19,
1145 1613 1188 1678 23
1212 1611 1395 1697 ‘corruptis-

252 1719 346 1784 sime:
368 1719 440 1806 lege
464 1718 534 1784 bos:
560 1723 642 1800 poor.
689 1719 757 1784 boiz
781 1719 939 1800 ἑτεροίας,
964 1719 994 1786 οἱ
1019 1717 1153 1786 Γάλλοιῖ

341 1823 475 1892 Glossae
493 1848 524 1911 p.
538 1825 591 1911 29,
604 1827 657 1892 19:
681 1825 833 1893 bctcroes:
857 1823 999 1892 ἄκανθαι.
1037 1825 1232 1892 Emendavit
1254 1826 1398 1912 glossam

252 1930 396 2019 Scaliger
419 1929 551 2018 ‘beprce’.
588 1933 768 2002 Vulcanius
787 1955 817 2020 p.
840 1934 945 2014 18,17
970 1935 1007 1998 ut
1025 1933 1064 1998 de
1085 1953 1143 1999 suo
1167 1931 1199 2000 ‘l
1218 1933 1321 2018 beprcs
1338 1955 1397 2018 pro

216 2117 221 2133 .
252 2037 375 2122 vepres'.

342 2144 475 2212 Glossae
503 2171 533 2232 p.
557 2149 613 2231 26,
628 2147 684 2214 25:
716 2149 805 2214 aas
831 2149 985 2216 cauam:
1016 2147 1207 2228 ὠταγλυφίε.
1255 2145 1399 2232 Scaliger
1517 2221 1521 2230 ¹

255 2251 520 2339 ‘auriscalpium'3
544 2253 721 2320 Vulcanius
745 2279 775 2341 p.
796 2256 847 2340 16,
861 2253 903 2320 59
928 2254 1010 2340 ‘lege
1034 2251 1280 2338 murisculpuua'.

343 2357 478 2426 Glossae
496 2385 526 2446 p.
548 2363 598 2447 18,
613 2362 669 2427 32:
692 2363 908 2446 csrpcratcsrius:
933 2361 1107 2443 κομάκταιρ.
1147 2359 1289 2447 Scaliger
1313 2358 1398 2426 ‘rod-

254 2463 364 2550 κτωρ’;
387 2465 564 2533 Vulcanius
587 2492 618 2553 p.
640 2469 688 2553 12,
703 2469 746 2536 25
770 2467 852 2555 ‘lege
876 2466 1042 2550 κοάκτωρ’.

343 2571 442 2638 Plura
480 2572 594 2640 addere
622 2577 697 2641 'non
734 2596 815 2660 opus
853 2577 910 2641 est.
962 2573 1148 2660 Quicunque
1191 2577 1300 2640 autem
1341 2573 1400 2640 has

254 2678 449 2746 ‘Philoxeni'
469 2681 595 2767 glossas
615 2678 707 2746 edere
723 2681 786 2746 sibi
803 2684 978 2766 proponet,
1001 2679 1157 2768 Scaligeri
1175 2679 1233 2745 illa
1252 2683 1401 2764 excerpta

181 2855 186 2866 ,
257 2785 428 2854 Leidensia
451 2807 579 2854 neccsse
603 2792 653 2854 cst
675 2787 918 2872 religiosissime
938 2787 1098 2854 adhibeat.
1132 2786 1280 2853 Getarum
1305 2785 1401 2872 ‘glos-

256 2916 309 2959 sas
333 2893 477 2961 Labbaei
575 2915 614 2959 ex
636 2892 702 2960 MS.
727 2897 838 2960 auctas
862 2898 894 2960 et
917 2899 1079 2961 correctas
1103 2893 1199 2959 variis
1223 2893 1257 2958 in
1279 2893 1359 2960 locis
1382 2913 1402 2958 a

257 2999 421 3084 Scaligerc
445 3001 600 3068 beneficio
623 2998 781 3066 Mentelii'
805 3021 838 3067 se
862 3001 1026 3086 possidere
1049 2999 1127 3067 dicit
1149 2999 1318 3068 (liebertus
1342 2996 1402 3063 (lu-

256 3129 352 3191 perus
376 3107 648 3173 Observationum
671 3105 809 3184 Traiecti
838 3107 878 3173 ad
906 3105 1054 3173 Rhenum
1079 3131 1105 3174 a
1132 3106 1217 3174 1670
1244 3104 1403 3172 editarum

257 3212 277 3276 l.
293 3211 341 3277 III
361 3235 391 3298 p.
406 3213 483 3280 353.
526 3211 671 3297 Denique
695 3212 890 3298 excerpsisse
913 3214 1039 3299 glossas
1063 3209 1293 3278 e‘Philoxcni’
1317 3211 1402 3299 glos-

259 3318 344 3384 sario
364 3339 463 3403 eaque
483 3321 634 3402 excerpta
651 3316 776 3385 Murato
796 3323 829 3384 et
848 3316 994 3385 Manutic
1014 3317 1183 3384 ostendere
1207 3338 1241 3384 se
1262 3317 1402 3385 voluisse

259 3425 328 3510 ipse
353 3423 497 3512 Scaliger
519 3423 597 3490 dicit
621 3422 900 3510 Scaligeranorum
922 3424 955 3490 II
978 3448 1008 3511 p.
1028 3427 1080 3491 94.

349 3531 377 3597 5.
402 3527 593 3597 ‘Philoxeni’
617 3530 767 3618 glossarii
786 3552 858 3597 cum
881 3534 1008 3616 praeter
1022 3529 1205 3597 Parisinurn
1225 3531 1309 3597 7661
1335 3530 1404 3597 nul·

258 3638 309 3703 lus
338 3637 436 3703 codex
469 3639 594 3703 exstare
626 3635 773 3702 videatur
781 3633 805 3722 1)
838 3635 1028 3702 emendandi
1061 3636 1203 3703 rationes
1237 3659 1275 3702 cx
1302 3637 1432 3724 ipsius,

300 3783 397 3792 --n—n·-

335 3865 354 3936 ¹)
372 3864 487 3935 Nescio,
513 3885 579 3921 num
598 3883 628 3922 re
646 3883 713 3921 vcra
731 3868 830 3922 harum
849 3865 1002 3936 glossarum
1021 3866 1079 3923 cod.
1099 3865 1289 3923 Vaticanus
1307 3867 1404 3922 exstet.
1423 3915 1425 3922 ι

260 3955 305 4012 W.
333 3955 521 4012 Froehnerum
555 3955 629 4012 enim
657 3972 681 4010 a.
710 3961 776 4011 1861
806 3955 924 4012 Oehlero
957 3955 1098 4026 scripsisse
1126 3955 1240 4042 Useqori
1272 3955 1405 4010 beneficio

260 4045 331 4114 scio,
355 4044 384 4100 in
408 4046 467 4102 cod.
486 4030 613 4100 Parisino
636 4046 772 4115 supplem.
791 4061 883 4116 graec.
903 4051 936 4100 86
960 4045 1056 4101 decem
1080 4044 1190 4116 paginis
1210 4045 1239 4098 P.
1258 4045 1291 4100 D.
1311 4043 1406 4100 Huctii

261 4133 469 4190 emendationes
493 4133 628 4189 contineri
651 4133 687 4188 acl
706 4133 853 4212 Plriloxeni
870 4132 978 4205 glossas
1001 4133 1172 4204 spectantes,
1198 4132 1405 4189 emendationes

261 4225 356 4279 autern
374 4223 438 4278 illas
457 4223 509 4278 niti
529 4239 591 4276 cum
613 4221 701 4293 ipsius
719 4222 815 4279 lIuetii
838 4221 1004 4278 coniecturis
1027 4221 1087 4276 tum
1111 4221 1239 4277 codicis
1263 4221 1405 4278 cuiusdam

262 4309 423 4368 Vaticani
451 4309 602 4380 scripturis.
641 4309 770 4366 Ceterum
794 4309 897 4367 codicis
920 4309 1038 4366 Parisini
1057 4315 1124 4368 7661
1154 4309 1319 4381 apographa
1347 4325 1406 4364 esse

263 4397 387 4456 ciusdem
409 4397 596 4456 bibliothecae
619 4397 704 4456 libros
724 4405 792 4457 7662
817 4399 888 4470 (cod.
908 4400 996 4458 chart.
1018 4416 1089 4458 saec.
1105 4399 1179 4468 XIV)
1198 4399 1226 4456 ct
1247 4403 1314 4458 7666
1335 4398 1406 4470 (cod.
