3178 5122
694 352 914 417 ...33-

228 513 404 598 Usenerus‚
424 513 479 600 qui
498 534 570 578 cum
588 514 771 598 glossarum
791 533 888 579 manu
903 514 1097 599 scriptarum
1112 513 1232 578 bonam
1250 516 1377 597 partem

227 622 328 708 probe
346 624 472 705 nosset,
495 619 597 703 ipsius
613 617 750 684 ‘Isidori’
775 621 926 704 glossarii
944 620 1051 685 indole
1071 623 1104 684 66
1117 618 1270 686 Vulcanii
1289 643 1319 704 p.
1334 619 1374 683 91

151 749 156 754 ·
228 728 335 794 verbis
349 728 464 793 ductus
479 729 664 811 excerptum
678 747 748 792 esse
764 749 781 792 e
795 727 943 811 pluribus
962 727 1057 792 facile
1072 727 1245 792 intellexit:
1265 750 1293 793 v.
1308 726 1377 792 Mu·

191 891 195 895 .
229 835 276 899 sei
293 834 445 899 Rhenani
467 836 490 898 t.
504 832 616 897 XXIII
639 831 682 918 (a.
699 830 798 920 1868)
821 855 852 917 p.
866 834 940 898 491.
972 833 1017 898 At
1040 833 1157 918 quibus
1177 833 1377 918 argumentis

228 942 318 1007 uisus
334 978 375 988 -
391 943 584 1034 quaerentes
608 942 761 1007 audio-
777 941 978 1026 Scaligero
1001 942 1081 1007 baec
1105 941 1304 1007 collectanea
1322 939 1377 1004 tri-

229 1048 323 1113 buis?
343 1047 427 1124 Quid
437 1048 494 1113 fiet
504 1047 661 1132 excerptis
670 1047 859 1114 Pithoeanis
870 1052 903 1114 et
914 1047 1044 1113 Oehleri
1059 1045 1378 1114 codiciVossiano?

317 1154 460 1220 Exstant
481 1154 659 1219 etiamnum
679 1153 836 1239 Scaligeri
860 1176 877 1219 e
901 1155 1071 1239 glossariis
1095 1154 1205 1220 latinis
1229 1156 1379 1238 excerpta
1458 1216 1465 1226 ,

229 1263 263 1328 in
286 1244 502 1326 bibliothecae
516 1259 683 1326 Leidensis
707 1259 1145 1345 codiceScaligeran0611),
1169 1277 1231 1346 quo
1250 1263 1380 1345 praeter

229 1370 293 1436 alia
311 1368 531 1434 eontinentur:
556 1365 575 1430 ².
590 1417 597 1430 .
612 1417 619 1431 .
634 1365 668 1432 G.
682 1366 828 1433 Petronii
842 1366 970 1432 Arbitri
983 1367 1114 1433 Afranii
1130 1366 1272 1452 Satyriei
1286 1367 1378 1432 liber.

231 1474 415 1562 Sequuntur
438 1473 591 1538 carmina.
631 1472 750 1538 Liber
774 1474 993 1558 glossarum
1016 1461 1059 1540 ex
1084 1474 1204 1540 variis
1229 1475 1378 1558 glossa-

230 1581 301 1646 riis
325 1581 527 1646 collectus.
559 1577 749 1644 Glossarum
773 1580 982 1645 iuridiearum
1006 1581 1256 1665 explanatio...
1290 1579 1381 1645 Glos-

231 1688 335 1753 sarius
350 1687 625 1755 Latino-Graecus
641 1684 672 1751 S.
685 1685 838 1752 Germani
853 1737 859 1750 .
874 1735 882 1750 .
897 1736 926 1750 ..
949 1686 1153 1751 Glossarium
1166 1685 1381 1753 Latino-Ara·

230 1796 338 1861 hicum
358 1797 390 1860 et
408 1792 714 1879 Graeco-Latinum,
733 1795 788 1858 sed
807 1793 997 1878 posterioris
1017 1793 1171 1860 Graeciae
1190 1793 1261 1859 eet’
1290 1792 1381 1857 Libri

230 1903 318 1968 illius
342 1903 525 1986 glossarum
544 1924 583 1967 ex
601 1902 700 1967 variis
724 1902 894 1986 glossariis
919 1901 1046 1967 collecti
1070 1901 1284 1986 apographon
1307 1922 1381 1965 eon-

230 2009 308 2073 fecit
339 2007 455 2072 Petrus
483 2007 688 2072 Burmannus
718 2005 913 2094 Secundus²)
947 2007 1039 2092 (MS.
1063 1993 1232 2073 Burmann
1260 2007 1380 2084 Quarto

232 2114 264 2181 Ν
279 2115 386 2200 51‚5'
405 2138 436 2199 p.
450 2112 651 2201 425-483),
675 2137 738 2200 quo
759 2138 835 2180 usus
845 2137 931 2180 sum.
960 2114 1031 2180 Iam
1047 2114 1287 2180 accuratissime
1302 2113 1381 2178 Vul-

234 2223 387 2288 oanianas
402 2221 543 2287 ‘Isidori'
563 2222 689 2305 glossas
708 2225 742 2286 et
756 2219 913 2306 Scaligeri
933 2221 1065 2286 ‘librum
1080 2219 1274 2305 glossarum'
1295 2242 1381 2284 com-

232 2330 361 2414 paranti
388 2329 469 2394 mihi
496 2329 658 2414 apparuit,
686 2332 816 2413 praeter
839 2350 860 2393 6
882 2329 1011 2394 litterae
1040 2329 1165 2413 glossas
1194 2329 1278 2412 apud
1302 2327 1381 2392 Vul-
1474 2375 1477 2380 -

145 2479 147 2486 ·
233 2436 360 2503 canium
379 2437 452 2501 inde
471 2436 512 2500 ab
532 2434 638 2518 ‘caper
651 2435 849 2517 spatharius:
868 2437 1034 2519 66666911,
1052 2433 1381 2523 i.stra'apitspatbura'v

233 2567 263 2628 p.
278 2544 351 2626 661,
362 2544 405 2607 24
421 2564 522 2627 usque
537 2542 577 2605 ad
593 2535 774 2607 ’6616616666
788 2543 950 2625 scapulare
963 2541 1193 2606 monachoram’
1208 2566 1239 2627 p.
1254 2543 1328 2626 661,
1339 2540 1382 2607 55

232 2650 431 2734 pertinentes
446 2647 598 2713 Vulcanii
617 2648 792 2713 editionem
814 2649 1010 2733 integram
1033 2649 1171 2732 pendere
1191 2648 1383 2733 aSealigeri

234 2757 446 2824 collectaneis.
478 2756 611 2821 Etenim
645 2779 727 2840 quae
758 2745 886 2820 exstant
914 2755 1052 2840 perlevis
1081 2758 1249 2822 momenti·
1267 2757 1383 2822 discre-

233 2864 379 2948 pantiae,
412 2884 467 2927 eas
495 2884 607 2927 omnes
636 2865 728 2946 patet
759 2867 815 2927 aut
845 2884 953 2927 errore
981 2863 1048 2927 sive
1076 2863 1287 2928 describentis
1316 2862 1382 2926 sive

234 2969 464 3055 imprimentis,
497 2973 553 3034 aut
585 2991 622 3034 eo
655 2973 751 3033 natas
785 2991 867 3053 esse,
901 2969 1001 3054 quod·
1017 2991 1084 3034 non
1115 2970 1224 3034 nullae
1253 2969 1381 3054 glossae

235 3076 409 3163 (imprimis
433 3097 486 3142 eas
511 3076 582 3142 dico
602 3099 684 3162 quae
702 3099 769 3142 non
792 3077 892 3140 semel
915 3076 1001 3160 apud
1015 3075 1215 3161 Scaligerum
1238 3072 1381 3159 exstant)

235 3184 479 3250 omIttebantur.
523 3182 768 3268 Discrepantias
798 3187 906 3248 autem
935 3183 1007 3248 dico
1036 3184 1125 3249 velut
1153 3184 1259 3248 hasce.
1305 3181 1382 3246 Vul-

237 3291 347 3356 canius
372 3314 402 3374 p.
426 3290 505 3375 693,
520 3291 563 3355 38
586 3291 857 3374 sorcttotorzpui
879 3295 955 3355 tectu
977 3292 1116 3375 resarcit,
1145 3289 1292 3374 Scaliger
1318 3309 1382 3354 sar-

242 3435 443 3444 *ψῃ-..-

311 3503 330 3573 ¹)
349 3501 421 3556 Vide
440 3500 570 3570 catalogi
587 3518 614 3569 p.
634 3506 686 3554 342
698 3518 737 3569 sq.
775 3500 902 3556 Eundem
920 3501 1022 3556 librum
1040 3503 1076 3555 N.
1094 3501 1224 3556 Heinsius
1242 3501 1272 3555 in
1291 3502 1384 3556 mente

236 3592 334 3660 habet,
354 3609 417 3645 eum
435 3591 471 3645 ad
490 3589 655 3644 Munkerum
675 3589 720 3657 (61.
736 3589 864 3660 Sylloges
883 3591 1105 3646 Burmannianae
1120 3594 1140 3645 6.
1155 3590 1180 3644 V
1194 3609 1221 3660 p.
1232 3595 1295 3661 370)
1315 3583 1384 3645 haec

237 3680 345 3736 scribit:
366 3679 478 3734 ‘Isidori
496 3694 567 3748 quae
587 3679 638 3731 sub
652 3677 762 3733 nomine
777 3679 1007 3734 circumieruntur
1021 3678 1135 3734 Glossae
1149 3697 1235 3734 manu
1250 3678 1384 3751 Scaligeri

237 3771 393 3840 descriptae
412 3771 523 3824 exstant
540 3768 570 3821 in
589 3766 718 3821 Leidensi
736 3767 923 3837 Bibliotheca,
947 3768 970 3822 si
993 3767 1107 3823 memini
1126 3768 1270 3823 nonnihil
1289 3786 1306 3822 a
1324 3768 1384 3823 vul-

238 3861 312 3930 gatis
331 3858 540 3930 discrepantes?

311 3949 539 4017 21Β6666666666
563 3945 697 4016 Scaligeri
719 3931 1026 4017 ‘librum'glossarum'
1052 3951 1118 4003 aute
1140 3947 1276 4002 kalendas
1296 3948 1385 4002 Maias

239 4055 263 4092 a.
281 4044 349 4092 1754
368 4036 543 4106 descripsisse
560 4037 667 4090 certum
686 4038 735 4090 est.
764 4037 919 4092 Amtzeuus
938 4038 1012 4092 cuim
1031 4037 1067 4092 ad
1082 4035 1196 4091 Catonis
1214 4037 1278 4091 dist.
1293 4037 1339 4106 IV,
1351 4039 1389 4091 42

239 4147 266 4197 p.
281 4133 333 4182 319
359 4128 489 4195 adnotat,
513 4126 702 4180 Burmannum
726 4125 779 4180 sibi
797 4125 832 4180 de
851 4126 946 4196 glossa
967 4127 1123 4196 officaperdi
1142 4128 1178 4195 (v.
1198 4143 1281 4195 supra
1299 4145 1326 4195 p.
1342 4129 1386 4196 25)

239 4217 393 4286 scripsisse:
415 4216 433 4271 ‘.
450 4260 455 4271 .
472 4260 478 4271 .
497 4215 538 4270 ita
557 4216 645 4270 edidit
663 4215 798 4270 Graevius
817 4217 846 4270 et
865 4218 1008 4270 antaeum
1021 4213 1175 4268 Vulcanius
1194 4213 1306 4282 aliique.
1333 4215 1387 4270 Sed

239 4305 341 4361 rectius
367 4303 396 4358 in
425 4304 603 4359 Glossario
632 4304 743 4374 Iosephi
767 4303 939 4374 Scaligeri
964 4304 1040 4372 ns,
1070 4321 1133 4372 quo
1163 4303 1385 4358 describendo

239 4411 326 4450 nunc
344 4410 503 4462 occupor,
521 4395 582 4464 ipse
601 4393 716 4449 Catonis
733 4409 828 4448 versus
847 4393 969 4447 citatur.
987 4393 1012 4444 .'
1041 4389 1174 4445 Arntzeni
1193 4393 1287 4445 autem
1305 4409 1384 4464 prae·

240 4482 339 4538 lationi
358 4483 528 4554 subscriptus
547 4485 589 4538 est
608 4483 666 4538 dies
684 4483 732 4537 ille
750 4482 807 4537 kal.
826 4482 892 4535 Mal.
912 4498 936 4536 a.
959 4486 1035 4551 1754,
