3232 5122
641 327 680 340 -
729 292 882 356 229—

188 427 269 516 libri
291 452 476 536 glpssarum
496 451 622 516 codices
641 451 738 534 paulo
762 451 942 515 accuratius
961 451 1031 515 noti
1051 451 1092 514 ad
1115 473 1214 515 uuum
1237 451 1335 515 idem-

192 580 253 644 que
290 559 571 643 corruptissimum
607 557 931 642 turbatissimumque
969 557 1150 642 exemplum
1191 558 1335 624 redeunt.

190 663 314 729 Eadem
337 665 376 729 de
399 688 434 730 re
457 665 492 729 in
515 665 597 729 alios
621 665 851 749 inquirendum
871 665 942 764 erit.

280 768 438 835 Secuntur
460 772 535 836 libri
552 772 683 855 ‚partim
711 793 813 854 paene
835 771 960 856 ignoti,
988 771 1110 855 partim
1140 772 1333 837 recentiores

191 877 224 941 in
246 876 439 962 breviusque
462 869 630 943 contracti.¹
992 866 994 872 ¹

280 981 356 1049 (lod.
370 981 614 1050 Monacensis
639 985 745 1050 14429
770 986 903 1050 membr.
923 1005 1004 1049 saec.
1019 985 1063 1049 X:
1087 983 1126 1049 cf.
1140 985 1334 1049 Kettnerum
1408 989 1410 994 '

190 1090 224 1152 in
251 1095 494 1174 programmate
523 1092 597 1156 anni
624 1092 708 1157 1868
732 1116 762 1177 p.
781 1091 825 1156 25
836 1114 903 1177 sqq.
927 1095 960 1156 61
982 1090 1164 1156 Usenemm
1194 1091 1229 1156 in
1251 1091 1334 1156 Mus.

190 1196 291 1260 Rhen.
315 1200 337 1260 t.
355 1197 451 1262 XXII
475 1194 633 1284 (11867)
656 1220 686 1282 p.
705 1198 779 1264 442.

82 1335 84 1340 ·
180 1345 181 1348 =
280 1301 429 1370 Codicem
448 1304 768 1371 Sambracensem
791 1304 1019 1390 ‘pulchriorem
1043 1306 1141 1370 etiam
1165 1328 1235 1370 esse
1256 1305 1333 1371 San-

190 1410 395 1494 germanensi
432 1415 465 1476 61
497 1434 531 1476 16
563 1433 640 1476 vcra
675 1411 917 1496 longobardicis
954 1411 1072 1476 litteris
1105 1406 1333 1496 perscriptum’

188 1516 280 1582 Pitra
308 1517 387 1582 olim
410 1516 462 1583 Du
480 1518 583 1583 Rieuo
611 1519 764 1584 narravit.
809 1518 900 1583 Idem
932 1518 1067 1582 eundem
1094 1519 1129 1582 in
1157 1517 1332 1604 Spicilegio

190 1620 324 1687 Solesm.
338 1623 387 1688 III
405 1649 436 1710 p.
450 1627 515 1690 418
540 1625 816 1691 commemoravit.
848 1625 986 1691 Videtur
1009 1647 1079 1690 esse
1102 1625 1252 1690 Haenelii
1268 1626 1332 1691 633

190 1729 360 1824 ‘glossaire
384 1754 423 1796 en
447 1735 606 1797 caractere
629 1732 832 1817 longobard'.

278 1837 406 1903 Codicis
420 1839 655 1905 Turonensis
674 1842 804 1924 praeter
825 1838 861 1925 Ο.
876 1839 1067 1903 Muellerum
1086 1839 1120 1902 in
1134 1838 1223 1903 Festi
1242 1861 1333 1923 prae·

187 1945 311 2010 satione
335 1969 366 2029 p.
384 1945 525 2010 XXXIII
548 1968 644 2011 nemo
666 1947 701 2030 ni
723 1946 822 2010 fallor
845 1945 1041 2008 mentionem
1065 1943 1151 2008 fecit.

279 2048 395 2116 Codice
423 2051 530 2136 aliquo
558 2051 634 2116 libri
662 2052 846 2135 glossarum
870 2049 1152 2126 Gothofrednm
1180 2050 1214 2115 in
1243 2073 1332 2116 enar·

188 2158 289 2223 raudo
312 2158 409 2224 Festo
432 2181 526 2222 usum
550 2175 620 2222 esse
643 2158 857 2223 demonstrari
880 2161 997 2242 potest.
1358 2144 1362 2153 ¹

277 2265 368 2329 Libri
392 2265 575 2348 glossarum
597 2265 780 2348 exemplum
803 2264 826 2329 I.
851 2264 876 2329 I.
899 2261 1046 2348 Scaliger
1072 2263 1107 2326 in
1135 2265 1332 2331 monasterio
1366 2254 1370 2262 ’

189 2369 472 2437 Vindocinensi
495 2371 585 2435 vidit.
818 2437 820 2440 ,

279 2477 386 2544 Codex
419 2477 698 2543 Ambrosianus
720 2479 763 2552 ,Η
788 2479 828 2544 68
864 2500 932 2561 sup.
960 2479 1094 2543 membr.
1123 2500 1205 2544 saec.
1232 2479 1333 2565 XsXI,

189 2587 267 2652 olim
291 2585 476 2651 Bobiensis:
500 2584 539 2648 cf.
558 2585 740 2651 Amadeum
758 2584 886 2668 Peyron
908 2609 939 2669 p.
957 2586 1028 2651 187.
1069 2585 1236 2651 Nonnulla
1258 2588 1332 2651 inde
1420 2635 1429 2644 -
1523 2580 1529 2588 ’

189 2705 314 2758 meeum
355 2692 606 2772 communicavit
641 2691 676 2759 L.
704 2692 994 2757 Mendelssohuius.
1044 2692 1179 2776 IncipIt:
1225 2693 1333 2758 ‘Abba

189 2801 313 2884 syrium
344 2821 461 2864 nomen
495 2803 527 2863 et
560 2799 723 2884 significat
751 2799 786 2862 in
817 2799 921 2863 latimi
950 2802 1050 2882 pater.
1101 2798 1193 2875 Quod
1215 2800 1332 2883 paulus

189 2907 330 2971 romanis
367 2906 510 2971 scribens
544 2907 694 2988 exposuit
727 2906 835 2971 dIcens
855 2957 862 2970 .
882 2957 888 2969 .
909 2905 927 2969 .’
975 2904 1133 2970 Secuntur
1164 2907 1332 2971 lemmata:

189 3013 350 3097 ‘abactus
374 3013 510 3096 aborsus
535 3016 597 3097 est,
626 3014 666 3078 ab
691 3015 773 3097 alto,
801 3014 940 3098 11111111,
968 3013 1134 3097 abdicant,
1163 3011 1332 3077 abdicare'.

190 3120 260 3195 Quo
280 3143 318 3184 ex
337 3120 445 3185 codice
465 3141 547 3204 quae
567 3111 718 3204 excerpta
735 3119 855 3205 habeo,
879 3144 918 3185 ea
935 3120 1021 3186 libro
1045 3117 1238 3204 glossarum
1253 3120 1332 3184 satis

50 3275 53 3280 -
190 3231 266 3291 suut
288 3213 479 3292 dissimilia.-

278 3332 327 3396 De
354 3333 517 3398 coditibus
541 3334 747 3399 Vaticanis
774 3335 858 3398 1463
886 3333 1020 3397 membr.
1044 3354 1126 3396 saec.
1150 3332 1223 3416 XV,
1237 3334 1332 3397 1461.

193 3441 277 3504 1462
305 3440 439 3504 membr.
466 3462 548 3504 saec.
571 3439 744 3524 Χ11,1114
774 3440 908 3504 membr.
936 3462 1017 3505 saec.
1045 3437 1125 3502 XIII
1153 3438 1226 3502 vide
1250 3437 1332 3504 Wil-

189 3547 371 3611 mannsium
394 3547 414 3610 1.
439 3569 463 3610 s.
487 3569 511 3610 1.
534 3570 564 3630 p.
584 3547 648 3612 366
660 3569 705 3632 sq.
730 3551 763 3611 et
786 3546 930 3630 376111.

279 3650 413 3718 coerces
441 3653 612 3718 11111111
632 3637 724 3718 ’1144
752 3653 886 3717 memus.
910 3673 991 3715 aa.
1014 3649 1113 3733 1111,Ι
1131 3651 1225 3715 iero.
1246 3652 1332 3716 acm

189 3759 268 3823 item
288 3782 304 3822 6
323 3759 406 3824 libro
430 3759 614 3844 glossarum
637 3759 774 3825 derivati
794 3762 882 3823 sunt:
906 3781 935 3822 v.
950 3755 1209 3821 Hildebrandum
1232 3758 1332 3841 praef.

189 3866 287 3950 gloss.
301 3865 403 3930 Paris.
417 3889 448 3950 p.
457 3866 517 3949 IX3
538 3867 674 3931 eundem
693 3867 728 3929 in
741 3859 864 3930 diurnis
880 3863 1116 3928 Muetzellianis
1131 3862 1196 3929 VII
1209 3887 1241 3948 p.
1254 3865 1330 3948 1253

188 3973 369 4039 Usenerum
392 3995 422 4056 p.
441 3974 520 4059 3873
545 3972 580 4038 0.
594 3973 788 4038 Muellerum
812 3973 833 4036 1.
857 3995 881 4036 1.
906 3994 929 4035 s.

278 4079 368 4145 Libri
386 4081 569 4166 glossarum
588 4080 730 4145 codicem
750 4080 848 4144 etiam
866 4101 964 4163 penes
983 4078 1119 4142 Petrum
1131 4075 1332 4142 Danielem

188 4188 288 4254 fuisse
312 4210 328 4252 e
349 4185 505 4272 Scaligeri
529 4187 568 4250 ad
589 4185 751 4252 Catullum
776 4186 914 4271 quadam
937 4185 1146 4251 adnotatione
1170 4184 1251 4249 disci
1274 4207 1331 4269 po-

189 4299 262 4361 test
307 4295 461 4360 Fortasse
484 4295 569 4358 idem
590 4295 675 4359 liber
697 4295 753 4359 ille
778 4298 827 4359 est
850 4292 905 4378 qui
929 4291 1026 4357 hodie
1049 4291 1187 4356 Londini
1212 4277 1331 4356 exstat:

189 4402 257 4468 cod.
279 4402 514 4468 Harleianus
542 4401 630 4468 2735
658 4402 793 4467 membr.
815 4397 855 4465 4⁰
884 4420 965 4464 saec.
988 4397 1033 4481 X,
1061 4397 1116 4462 ‘ex
1143 4397 1221 4461 libb.
1243 4396 1331 4461 Petri
