3216 5126
676 260 914 322 -ls'rl-

225 410 243 464 f.
260 415 338 466 179¹:
382 411 521 468 diriberer
541 413 716 470 dinumerare
810 415 868 472 Mai
876 416 914 471 vl
923 436 950 487 p.
959 423 1046 475 tila:
1061 417 1180 474 diribere
1194 434 1203 474 r
1240 419 1371 476 denume-

1094 523 1155 562 rare

384 590 543 646 dextimus:
562 591 660 647 dexter
810 595 828 650 f.
847 601 914 670 381:
1059 595 1216 652 dextimus:
1236 596 1333 652 demet

383 679 543 749 depigisser
562 681 689 738 defixisse
810 684 868 738 Mai
876 683 914 738 Vl
922 704 950 754 p.
957 691 1043 741 520a:
1058 685 1224 756 depegisser
1243 686 1370 742 defixisse

383 764 525 838 displdsar
543 788 675 840 percussa
810 773 828 826 f.
849 779 914 828 44¹2
1058 774 1201 843 disploso:
1220 791 1349 844 percusso

383 857 532 926 depicisci:
546 860 677 929 pactione
694 864 783 916 trans·
810 862 829 917 f.
848 867 914 917 38¹:
1058 861 1185 932 depiscir
1239 863 1369 932 pactione

416 945 494 1015 igere
1094 952 1249 1020 transigere

757 1149 777 1226 ᾗ
801 1149 830 1212 8.

540 1297 543 1306 ,
632 1269 675 1322 De
695 1268 813 1323 Placidi
832 1268 956 1335 glossis.

310 1393 358 1457 De
385 1393 508 1458 Placidi
536 1394 655 1478 glossis
683 1395 808 1477 optima
836 1395 945 1460 indole
973 1396 1077 1480 plenis
1087 1394 1111 1481 ¹)
1142 1398 1285 1463 breviter
1314 1397 1368 1463 hic

218 1519 314 1582 agere
343 1500 431 1584 lieet,
464 1502 617 1584 quoniam
640 1501 824 1585 Ritschelii,
852 1501 1014 1586 Kettneri,
1042 1502 1259 1588 Deuerlingii,
1288 1505 1365 1569 alio-

217 1626 289 1668 rum
313 1608 429 1672 studiis
452 1630 519 1673 non
537 1629 642 1691 pauca
661 1604 699 1671 de
719 1608 766 1672 eis
785 1608 851 1672 iam
874 1609 1047 1693 explanata
1069 1608 1235 1674 habemus.
1267 1612 1367 1676 Acoe-

217 1711 265 1774 dit
294 1713 379 1795 quod
411 1736 492 1798 quae
516 1737 535 1779 a
558 1712 769 1798 Deuerlingio
801 1715 944 1779 nondum
977 1717 1151 1782 observata
1179 1718 1230 1781 vel
1258 1719 1364 1782 minus

216 1822 303 1882 recte
334 1820 563 1885 administrata
591 1841 661 1884 esse
688 1821 784 1885 nobis
811 1821 1011 1906 viderentur,
1038 1822 1073 1885 in
1096 1821 1229 1887 Diurnis
1253 1823 1365 1890 Ienen·
1452 1813 1454 1816 ’

216 1924 306 1989 sibus
327 1925 616 1990 a.1875art.598
641 1926 849 2009 exposuimus
872 1926 1015 2011 itemque
1037 1927 1245 1994 coniectanea
1268 1954 1365 2014 quae-

217 2032 291 2096 dam
310 2031 415 2096 Musei
434 2031 585 2097 Rhenani
602 2037 625 2097 t.
644 2032 752 2098 XXXI
776 2030 819 2116 (a.
837 2031 936 2119 1876)
959 2055 990 2116 p.
1005 2031 1137 2098 55-75
1160 2035 1365 2102 inseruimus.

304 2137 428 2204 Placidi
460 2137 698 2226 grammatici2)
731 2139 851 2224 glossis
883 2138 1008 2222 primus
1040 2163 1118 2204 usus
1147 2145 1202 2232 est
1228 2141 1364 2208 Fulvius

215 2219 354 2310 Ursinus
370 2246 410 2310 ad
424 2246 558 2311 Festum
578 2246 791 2311 enarrandum
799 2243 835 2332 ³).
872 2244 989 2310 Editae
1013 2248 1089 2310 sunt
1112 2246 1211 2332 longo
1235 2248 1363 2322 demum

290 2510 308 2580 ¹)
337 2511 399 2566 Non
427 2527 540 2580 possum
567 2528 622 2564 non
651 2505 747 2564 mirari
773 2509 947 2580 scaligerum
970 2515 1084 2564 a.1603
1109 2510 1209 2566 Carolo
1232 2512 1363 2568 Labbaeo

214 2598 283 2652 haec
299 2599 454 2669 scripsisse:
475 2599 552 2654 ‘illae
567 2600 702 2669 glossae
715 2599 867 2654 Placidii
886 2616 949 2653 non
964 2599 1078 2668 magni
1091 2599 1256 2655 momenti
1274 2605 1363 2671 sunt,

215 2689 248 2742 de
275 2687 375 2756 quibus
401 2704 511 2741 mecum
539 2687 599 2756 agis
626 2687 773 2756 postremis
796 2686 865 2753 tuis,
887 2687 1002 2742 Karole:
1028 2690 1164 2757 poterunt
1185 2692 1281 2743 tamen
1304 2691 1363 2746 sine

163 2843 166 2848 .
214 2776 311 2830 fraude
330 2776 367 2830 ad
386 2775 491 2830 calcem
509 2775 606 2844 magni
623 2774 708 2830 lexici
725 2761 825 2830 subicis
853 2776 902 2830 sed
925 2775 1096 2845 selectiores,
1115 2793 1172 2830 non
1194 2793 1298 2832 omnes.
1331 2780 1363 2832 ln

214 2866 342 2936 glossarii
365 2866 460 2921 autem
483 2865 666 2936 graecolatini
690 2867 719 2920 et
741 2863 926 2935 latinograeci
949 2864 1092 2920 civitatem
1118 2882 1182 2919 non
1205 2867 1284 2919 sunt
1305 2865 1362 2920 ad·

214 2953 377 3008 mittendi
399 2955 586 3026 scriptores
609 2955 807 3026 proletarii,
831 2956 888 3010 sed
912 2954 1079 3009 classici'.
1116 2955 1180 3009 Non
1204 2955 1363 3024 putaverim

213 3043 283 3097 haec
301 3043 383 3098 illum
401 3047 549 3115 propterea
568 3044 712 3113 scripsisse
726 3044 800 3113 qnod
814 3043 944 3111 Ursinus,
964 3043 1100 3114 scaligeri
1120 3043 1235 3111 ‘simia’,
1255 3043 1362 3113 primns

215 3131 254 3187 eis
267 3151 331 3187 usus
345 3135 428 3188 esset:
449 3150 520 3204 quae
534 3133 629 3202 opinio
644 3133 787 3203 Scaligero
805 3133 922 3203 indigna
936 3135 986 3187 est.
1015 3134 1090 3188 Num
1105 3133 1178 3188 aliae
1193 3114 1274 3187 erairt
1287 3133 1362 3202 glos·

214 3239 274 3290 sae,
301 3223 336 3277 ab
355 3223 510 3278 Ursinianis
529 3221 703 3290 Maianisque
723 3220 870 3277 diversae?
908 3219 978 3276 Tam
1002 3215 1077 3276 enim
1100 3222 1231 3292 egregiae
1253 3221 1363 3276 Placidi

107 3299 111 3304 ¹
213 3311 322 3380 glossae
342 3314 419 3381 sunt,
438 3313 518 3367 tanto
537 3309 667 3365 meliores
682 3327 766 3379 quam
784 3309 926 3380 integrum
942 3309 1064 3379 ‘cyrilli'
1085 3311 1152 3378 (non
1169 3310 1271 3378 loquor
1289 3328 1362 3364 nunc

215 3397 249 3453 de
270 3400 458 3469 ‘Philoxeno')
477 3398 657 3470 glossarium,
676 3400 708 3452 ut
726 3398 813 3453 rerba
830 3396 882 3451 illa
900 3414 944 3451 ms
963 3414 1019 3452 non
1037 3396 1203 3467 intellegere
1221 3399 1361 3467 profitear.

287 3487 308 3558 ²)
332 3488 373 3542 De
396 3487 506 3542 Placidi
529 3487 622 3541 aetate
649 3485 714 3540 vide
738 3483 949 3555 Deuerlingium
974 3485 1158 3555 praefationis
1180 3504 1208 3556 p.
1227 3487 1293 3540 VIII
1302 3504 1361 3555 sqq.

214 3577 413 3646 disputantem.
443 3601 449 3610 ·

287 3666 307 3735 3)
334 3665 423 3721 ‘Sexti
445 3665 562 3736 Pompei
584 3666 661 3721 Festi
681 3708 686 3720 .
703 3709 709 3720 .
725 3707 731 3719 .
750 3665 939 3735 fragmentum
958 3705 964 3718 .
980 3705 986 3718 .
1003 3705 1009 3718 .
1029 3681 1062 3719 ex
1084 3662 1257 3718 bibliotheca
1279 3663 1362 3718 Fulvi

213 3754 332 3810 Ursinis.
348 3799 376 3810 ..
401 3754 477 3824 apud
502 3755 616 3809 Petrum
636 3752 876 3810 Santandreannm
895 3769 920 3806 a.
941 3753 1031 3808 1583’.
1070 3751 1182 3806 Glossas
1207 3753 1243 3806 ab
1262 3751 1361 3807 Ursino

213 3843 338 3913 prolatas
357 3843 380 3897 si
399 3860 463 3897 cum
480 3842 539 3898 Mai
562 3841 685 3897 editione
708 3840 871 3910 contuleris,
892 3857 948 3894 non
965 3840 1045 3894 nulla
1063 3839 1220 3911 discrepare
1239 3840 1361 3896 videbis:

214 3935 299 4003 atque
314 3933 383 3987 duas
400 3949 434 3986 ex
443 3929 600 3986 Ursinianis
615 3930 690 4000 apud
704 3928 811 3983 Maium
825 3929 937 3985 omnino
951 3947 1007 3984 non
1021 3926 1139 3998 reperio.
1158 3928 1273 3984 Ursinus
1287 3927 1362 3983 codi-

214 4023 253 4078 cis
272 4021 316 4076 sui
336 4021 457 4092 margini
478 4019 686 4075 emendationes
705 4018 867 4088 adscripsit:
886 4019 951 4074 vide
969 4017 1072 4088 Angeli
1091 4017 1150 4072 Mai
1166 4017 1362 4072 adnotationes

108 4102 114 4116 '
213 4111 382 4180 marginales
400 4109 430 4164 in
449 4109 489 4165 01.
509 4109 589 4163 Aust.
609 4111 629 4163 t.
649 4109 688 4162 ΙΙΙ
706 4127 733 4178 p.
752 4114 813 4163 441.
833 4114 893 4163 475,
913 4114 974 4163 485.
995 4114 1059 4176 503,
1087 4109 1210 4176 atquae
1233 4105 1309 4160 idem
1332 4106 1362 4159 in

213 4202 233 4255 t.
253 4201 291 4255 VI
314 4219 340 4270 p.
362 4204 412 4254 553
442 4198 648 4253 commemorat.
692 4197 823 4253 Ceterum
849 4200 916 4267 post
938 4197 1068 4252 Ursinum
1096 4196 1142 4249 hic
1169 4194 1230 4249 illie
1252 4193 1362 4249 Placidi

214 4289 325 4362 glossae
344 4307 362 4343 a
379 4289 446 4343 viris
466 4287 555 4342 doctis
575 4289 834 4342 commemorantur.
865 4286 947 4341 Talia
963 4287 1041 4342 Petri
1057 4283 1210 4341 Burmanni
1227 4283 1361 4338 sedulitas

214 4396 271 4435 non
290 4379 368 4434 nulla
387 4377 504 4464 collegit
523 4376 551 4432 in
569 4378 631 4432 loco
645 4377 766 4447 quodam
781 4376 1018 4448 apographorum:
1039 4375 1073 4431 cf.
1088 4373 1252 4432 Goldastum
1266 4373 1295 4427 in
1308 4373 1360 4429 Pa-
