3178 5122
677 307 899 352 -vll-

215 447 363 530 inprimis
392 447 584 530 scriptorum
613 448 707 526 κρίει(
734 452 768 512 et
794 448 927 532 linguae
950 449 1087 512 scientia
1110 471 1176 512 non
1200 449 1359 514 mediocre

213 554 302 619 illinc
331 555 582 618 emolumentum
609 555 753 638 capiant,
777 553 938 637 capitibus
967 554 1106 619 secundo
1130 559 1163 619 et
1186 555 1282 620 tertio
1307 555 1358 618 ‘dc

215 662 331 744 glossis
346 660 508 729 Plautinis
521 659 771 745 Lucilianisque’
795 663 828 724 et
851 659 901 723 ‘de
919 660 1012 725 novis
1035 661 1168 727 vocibus
1192 665 1225 726 et
1247 661 1359 726 formis

213 791 230 832 e
255 767 422 854 glossariis
447 766 605 831 eruendis'
629 768 789 852 agendum
806 758 1004 851 ,putavimus
1031 804 1068 812 —

301 909 467 993 Expositis
494 909 598 973 libelli
612 909 806 997 rationibus
834 909 916 973 nihil
944 909 1036 974 video
1065 910 1150 994 quod
1174 914 1274 976 restet
1296 913 1359 977 nisi

213 1021 250 1082 ut
279 1017 319 1081 ad
356 1039 429 1080 eum
460 1020 611 1100 revertar,
635 1016 724 1081 cuius
753 1038 871 1081 nomen
901 1016 1064 1100 prodromi
1092 1016 1194 1082 fronti
1217 1019 1360 1102 praefixi.

212 1125 361 1208 Namque
391 1122 519 1206 siquid
546 1123 580 1187 in
609 1123 851 1206 quaestionibus
874 1123 995 1188 nostris
1025 1146 1091 1187 non
1122 1123 1191 1188 sine
1219 1124 1359 1189 utilitate

212 1232 393 1314 expositum
424 1253 493 1295 esse
522 1213 667 1294 visurum
697 1229 753 1308 sit,
782 1229 850 1293 eius
880 1230 927 1293 rei
956 1230 1085 1294 laudern
1116 1230 1280 1296 sciendum
1310 1236 1360 1296 est

212 1337 315 1401 redire
338 1328 385 1400 ad¹
401 1336 518 1402 horum
541 1337 720 1402 studiorum
748 1340 912 1402 auctorem
945 1339 978 1401 et
1004 1337 1176 1421 fautorem,
1203 1338 1355 1404 Fnrnn-

212 1463 340 1510 nrcvn
362 1444 666 1510 Rrrsonnurvn.

301 1583 422 1670 Scripsi
446 1586 575 1651 Grimae
599 1609 640 1650 m.
663 1587 739 1651 Dec.
764 1611 791 1652 a.
816 1585 1137 1654 OIOIOCCOLXXV.

699 1765 717 1799 ’l‘
851 1765 869 1800 ’l‘

778 1853 795 1888 ²lt

301 1994 422 2060 Verum
450 2019 520 2061 esse
546 1996 627 2060 illud
655 1997 734 2060 ‘dies
763 1997 847 2060 diem
876 1996 980 2061 docet'
1011 2019 1083 2061 cum
1111 1997 1144 2060 in
1173 1998 1257 2080 alin,
1290 2002 1358 2061 tum

212 2101 350 2166 maxime
373 2103 407 2167 in
430 2103 481 2167 his
504 2104 747 2188 quaestionibus
776 2103 816 2166 ad
844 2103 967 2168 variam
995 2107 1028 2167 et
1054 2105 1235 2188 neglectam
1259 2108 1358 2167 mate-

211 2209 294 2273 riam
324 2209 562 2293 pertinentibus
593 2210 684 2275 brevi
714 2214 788 2294 post
816 2210 1000 2293 conscripta
1031 2209 1111 2274 haec
1143 2210 1222 2274 folia
1254 2210 1358 2274 denuo

219 2316 366 2400 cognovi.
411 2315 543 2380 Etenim
567 2317 607 2380 ad
630 2319 755 2382 exteros
778 2316 941 2400 profectus
966 2320 999 2392 et
1021 2316 1255 2380 Ambrosianac
1279 2340 1360 2401 quae

212 2421 389 2487 Mediolani
419 2427 469 2487 est
495 2423 711 2488 bibliothecae
741 2423 907 2506 glossariis
936 2423 1140 2507 perlustratis
1168 2423 1280 2505 paullo
1309 2447 1358 2488 ac-

214 2529 357 2593 curatius
387 2529 421 2594 in
451 2529 592 2593 codicem
621 2529 647 2591 B
672 2531 714 2594 36
747 2529 803 2594 inf.
831 2529 992 2613 inquisivi.
1045 2528 1108 2593 Est
1139 2517 1264 2605 autem
1280 2529 1359 2595 haec

215 2620 401 2700 membrana
434 2636 614 2719 exemplum
643 2635 733 2699 ‘libri
757 2633 963 2720 glossarum’,
992 2635 1082 2699 cuius
1111 2634 1187 2698 dum
1212 2633 1357 2718 ‘prodro-
1392 2703 1396 2706 ,

213 2741 312 2806 mum’
338 2742 443 2806 scribo
467 2743 626 2826 epitomas
650 2746 779 2829 tantum
803 2751 834 2805 et
851 2763 955 2824 pauca
978 2742 1018 2805 ab
1039 2740 1110 2805 aliis
1134 2745 1285 2825 excerpta
1302 2765 1358 2806 no-

212 2870 328 2913 veram.
374 2847 459 2913 Hinc
489 2848 610 2914 factum
640 2854 678 2913 ut
704 2848 905 2934 quarundam
937 2869 1043 2911 rerum
1078 2869 1159 2931 quas
1190 2851 1286 2912 antea
1317 2871 1358 2914 ne

211 2959 380 3039 potueram
418 2955 547 3039 quidem
587 2956 668 3020 scire
695 2957 847 3020 notitiam
882 2955 1094 3019 nanciscerer.
1149 2953 1240 3018 Adde
1273 2955 1358 3039 quod

214 3063 288 3148 dum
312 3063 461 3147 plagulas
486 3063 611 3148 corrigo
636 3064 792 3148 quaedam
822 3067 854 3127 et
877 3083 936 3147 ego
960 3061 1074 3126 melius
1098 3064 1237 3145 utputo
1261 3085 1358 3146 quam

213 3173 309 3232 antea
331 3170 492 3253 perspexi,
516 3173 549 3233 et
572 3170 612 3234 ab
637 3171 710 3235 aliis
734 3170 868 3234 comiter
891 3169 1022 3233 edoctus
1046 3190 1127 3234 sum.
1173 3167 1262 3244 Quae
1286 3191 1358 3232 curn

213 3276 261 3338 ita
284 3275 362 3358 sint,
387 3274 607 3340 additamenta
629 3298 696 3340 non
719 3275 809 3339 nulla
833 3275 963 3339 subieci.
1000 3273 1093 3349 Quod
1117 3277 1223 3338 autem
1238 3273 1359 3341 Medio-

213 3380 400 3446 lanensibus
429 3381 591 3446 codicibus
621 3381 878 3446 commodissime
902 3385 935 3444 et
958 3382 1040 3446 sicut
1063 3403 1114 3444 res
1138 3381 1288 3466 exigebat
1311 3382 1359 3445 uti

213 3488 316 3572 licuit,
338 3487 400 3552 hoc
429 3487 594 3553 Antonii
618 3477 786 3572 (leriam,
810 3487 1021 3551 illustrissimi
1043 3487 1258 3552 bibliothecae
1282 3487 1358 3551 Am-

214 3595 386 3660 brosianae
409 3595 576 3680 praefecti,
599 3594 843 3660 benevolentiae
868 3593 1008 3658 debetur.
1105 3601 1113 3604 “
1155 3603 1157 3608 ’

302 3826 335 3891 Ρ.
359 3827 403 3891 30
426 3827 498 3891 adn.
544 3826 608 3890 Diu
637 3826 781 3911 quaesivi
808 3824 932 3890 fontem
955 3826 1118 3910 perbonae
1142 3828 1268 3911 glossae
1292 3824 1358 3891 Sal-

214 3934 376 4000 masianae
384 3932 408 4016 ¹)
425 3934 561 4016 prislria
576 3951 585 3997 ε
600 3933 701 3998 bellua
723 3933 838 4008 marim
863 3931 974 3996 Actius
998 3930 1164 4014 ‘pristinos'
1188 3933 1280 4015 dicit,
1309 3932 1359 3996 cui

214 4033 275 4105 soli
303 4041 522 4126 fragmentum
551 4039 632 4103 illud
662 4039 841 4104 Accianum
871 4037 1013 4103 debetur.
1065 4037 1176 4101 Fluxit
1206 4060 1244 4100 ex
1273 4037 1359 4102 libro

215 4149 413 4234 glossarum,
441 4147 531 4212 cuius
558 4146 593 4209 in
621 4145 728 4210 codice
752 4145 970 4210 Ambrosiano
993 4143 1020 4208 B
1040 4145 1083 4209 36
1107 4143 1163 4208 inf.
1186 4145 1258 4227 depr
1280 4148 1360 4208 nota

213 4255 354 4339 praefixa
382 4253 427 4319 sic
455 4253 576 4338 scripta
603 4256 667 4317 est:
693 4253 830 4335 pistris:
853 4251 942 4317 belua
967 4253 1073 4317 moris.
1098 4251 1196 4316 luam
1217 4251 1359 4332 pistrices

214 4372 426 4382 u—————--—

300 4413 320 4481 ¹)
340 4387 582 4468 staindelium
602 4409 807 4480 Opusculorum
824 4410 850 4463 II
869 4428 895 4479 p.
914 4413 1022 4478 dot-sq.
