3222 5122
667 270 909 352 -213-

219 442 341 509 militer
373 443 483 508 nullus
519 442 631 508 dubito
664 443 744 527 quin
776 443 816 507 ad
843 441 979 507 Poenuli
1006 462 1135 506 versum
1167 439 1251 504 ‘tam
1278 443 1364 504 tran·

219 551 356 635 quillam
464 573 561 636 quam
588 573 676 615 mare
701 551 780 615 olim
808 555 871 633 est,
899 572 971 614 eum
999 548 1046 638 ibi
1074 546 1207 612 alcedo
1235 547 1365 630 pullos

219 659 349 724 educit
378 657 483 723 suos'
512 660 638 742 spectet
660 657 746 721 idem
769 655 912 721 Isidorus
936 653 1014 739 XII,
1034 655 1063 734 7,
1078 653 1133 718 25:
1172 652 1365 736 ‘Halcyon

218 765 328 848 pelagi
349 765 504 849 volueris,
532 765 617 828 dicta
641 765 735 848 quasi
764 763 831 827 ales
855 785 991 847 cyanea,
1020 783 1057 827 eo
1086 760 1171 844 quod
1198 761 1304 824 hieme
1330 760 1366 824 in

218 872 346 955 stagnis
362 870 484 937 Oceani
502 870 597 935 nidos
615 869 696 934 facit
716 871 914 955 pullosque
935 869 1072 934 educit.
1096 867 1168 944 Qua
1186 867 1365 931 excubante

218 979 321 1042 fertur
354 959 483 1044 extento
517 1000 655 1062 aequore
686 978 821 1063 pelagus
858 978 1030 1042 silentibus
1068 976 1174 1042 ventis
1212 973 1366 1062 continua

219 1089 344 1168 septem
367 1085 490 1149 dierum
520 1085 759 1169 tranquillitate
788 1086 957 1150 mitescere
986 1087 1019 1149 et
1047 1083 1115 1147 eius
1144 1081 1265 1146 fetibus
1290 1079 1366 1145 edu·

219 1192 330 1257 caudis
355 1192 545 1275 obsequium
568 1192 675 1274 ipsam
697 1214 805 1257 rerum
828 1197 980 1256 naturam
1002 1186 1176 1274 praebere'.

145 1301 149 1308 ’
246 1298 408 1362 Poenuli
430 1297 488 1382 IV,
506 1299 536 1381 2,
551 1297 607 1363 85:
630 1299 776 1382 profecto
801 1300 846 1364 ad
869 1298 1012 1362 incitas
1035 1296 1184 1360 lenonem
1206 1294 1332 1378 rediget

246 1404 460 1470 Trinummi
481 1403 523 1489 ΙΙ,
542 1404 650 1487 4,136
672 1404 781 1490 (537);
804 1409 842 1470 ut
866 1405 911 1468 ad
934 1405 1078 1470 incitas
1102 1402 1268 1467 redactust

453 1548 614 1611 tacitae:
637 1548 749 1612 alcima
771 1549 903 1613 conditio
924 1548 1126 1628 salonarum

307 1651 390 1720 gloss.
410 1650 511 1705 Isidori
528 1669 555 1720 p.
577 1651 812 1720 683,182nesci0
832 1651 913 1706 unde.

264 1778 427 1844 Poenuli
450 1778 489 1861 V,
509 1779 539 1862 2,
557 1777 632 1843 152:
731 1797 732 1801 ’

380 1883 514 1950 Statura
532 1886 598 1950 hau
616 1906 750 1992 magna,
773 1889 934 1971 corpore
954 1887 1094 1972 aquilo
1115 1909 1136 1951 ::
1155 1870 1233 1970 ipsa
1252 1890 1322 1950 east

443 2059 449 2069 ·
498 2026 627 2109 aquilo
650 2045 819 2109 corpore:
842 2029 932 2110 cipro
955 2048 1079 2109 corpore
1195 2099 1197 2104 ,

308 2131 368 2186 cod.
391 2131 539 2185 Bernensis
559 2137 592 2186 16
611 2130 629 2186 f.
650 2131 739 2197 35Vb3
766 2131 825 2185 cod.
847 2131 1093 2202 Sangermanensis
1117 2131 1154 2184 du
1168 2131 1256 2185 Rieuo
1279 2133 1364 2197 teste3

309 2220 368 2276 cod.
392 2219 534 2274 Leidensis
559 2219 622 2274 67D
646 2219 665 2274 f.
686 2220 760 2286 7Vb3
793 2221 877 2290 gloss.
901 2221 950 2274 lat.
974 2220 1073 2290 fragm.
1099 2220 1283 2275 Hildebrandi
1305 2226 1364 2290 pl

309 2310 456 2378 (aquiliam
476 2325 529 2363 om.
549 2324 660 2378 corpore
679 2311 745 2378 post
762 2311 862 2379 cipro).

220 2421 291 2497 Qua
314 2421 425 2504 glos'sa
449 2418 527 2482 duce
551 2417 579 2483 si
598 2419 669 2502 quis
694 2441 823 2483 versum
847 2420 893 2484 sic
916 2419 1201 2505 redintegrandum
1224 2421 1366 2486 duxerit:

209 2507 350 2593 'Statana
372 2526 435 2589 bau
457 2526 605 2609 racpnad,
629 2525 733 2607 aquilo
756 2509 887 2608 corpore.
911 2551 931 2592 ::
956 2505 1033 2609 I'psc
1055 2533 1133 2607 east,
1155 2551 1222 2594 non
1245 2528 1387 2612 proba-¹

220 2635 331 2700 biliter
359 2635 492 2716 statuet,
521 2635 633 2715 utpote
662 2635 853 2699 adversante
877 2635 1102 2719 Ambrosiani,
1131 2635 1365 2717 Palatinorum,

222 2741 331 2824 Gellii,
353 2738 454 2804 Nonii
477 2739 643 2802 memoria.
1077 2739 1082 2750 '
1145 2725 1149 2730 ’

265 2880 430 2946 Poenuli
452 2879 492 2964 V,
510 2879 540 2963 5,
555 2881 611 2944 31:
711 2923 716 2934 ·

379 2987 469 3051 Tune
491 2985 545 3052 hic
569 2992 695 3053 amator
718 2989 816 3053 addes
841 3012 924 3075 esse,
947 2989 1080 3055 hallex
1104 2989 1213 3054 viril*

220 3112 284 3178 Pro
316 3113 542 3177 'Palatinorum
574 3113 730 3177 memoria
765 3112 868 3179 ballea
900 3114 1104 3178 scribendum
1135 3118 1215 3198 puto
1248 3113 1366 3192 tallia

221 3223 294 3284 ciun
321 3241 386 3284 non
413 3220 519 3285 solum
547 3216 677 3298 Festus,
705 3220 760 3304 qui
788 3221 838 3284 bis
865 3220 951 3286 hane
978 3243 1090 3288 vocem
1123 3223 1278 3306 explieat,
1311 3221 1366 3285 sed

221 3326 320 3390 etiam
344 3323 472 3409 glossae
495 3327 627 3388 nostrae
651 3347 763 3389 omnes
783 3347 844 3409 -c-‚
868 3349 936 3391 non
954 3349 992 3391 -e-
1015 3329 1161 3393 vocalem
1185 3328 1366 3392 exhibeant.

222 3433 329 3517 Atque
352 3430 443 3495 Festi
466 3429 595 3515 quidem
621 3429 685 3494 huc
713 3435 861 3523 spectant
884 3455 913 3515 p.
934 3434 968 3498 7:
999 3433 1115 3498 ‘allust
1139 3434 1247 3518 pollex
1275 3454 1367 3496 scan-

222 3540 301 3605 dens
323 3539 506 3624 proxiinum
530 3536 682 3622 digitum,
711 3538 796 3621 quod
826 3539 915 3604 velut
943 3539 1106 3604 insiluisse
1134 3543 1167 3605 in
1196 3541 1298 3604 aliurn
1320 3539 1366 3602 vi-

192 3706 195 3714 .
222 3646 349 3730 deatur,
373 3644 458 3729 quod
481 3665 594 3729 graece
613 3644 731 3708 dicitur
751 3644 911 3710 deseces?
935 3648 968 3709 et
986 3668 1016 3729 p.
1033 3647 1109 3710 102:
1134 3646 1273 3711 ‘bellust
1297 3647 1366 3730 pol-

222 3754 273 3817 lex
297 3752 401 3837 pedis,
427 3751 582 3814 scandens
602 3758 698 3835 super
716 3753 914 3835 proximum,
937 3752 1041 3816 dietus
1061 3775 1080 3816 a
1099 3752 1251 3818 saliendo.
1281 3752 1367 3818 Nam

222 3859 357 3939 ἅλλομαι
377 3878 506 3942 graece,
530 3857 629 3922 latine
649 3857 811 3944 significat
829 3857 933 3923 salio'.
965 3858 1131 3923 Accedunt
1149 3856 1210 3922 hae
1226 3859 1366 3942 glossae:
1406 3869 1411 3878 '

510 3999 654 4066 balles:
678 4003 779 4068 ποδὸς
803 4003 901 4082 μέγα(
924 4001 1080 4067 δάκτυλοι

311 4106 481 4186 Philpxenus
499 4123 526 4174 p.
548 4110 666 4175 106,19.

598 4216 743 4282 bullas:
761 4217 852 4300 pedis
873 4218 989 4299 dipitcs

312 4321 372 4377 cod.
387 4307 861 4391 1111111611]11161111.“ρ.337,131141
879 4327 972 4376 sectus
985 4323 1089 4391 dipitaa
1103 4321 1173 4389 cod„
1192 4321 1268 4390 quod
1282 4321 1367 4376 auda-

313 4410 421 4464 cissime
440 4410 469 4462 in
486 4411 568 4478 pedis
583 4411 687 4479 dipitas
705 4410 819 4467 mutavi.
857 4410 960 4464 Verum
980 4411 1048 4479 quid
1067 4411 1104 4465 sit
1126 4409 1293 4464 indicabunt
1310 4409 1367 4464 alii.

278 4509 372 4559 1111116,
387 4510 415 4549 de
430 4510 498 4558 gloss.
513 4509 555 4562 lat,
875 4523 885 4544 ι
1123 4505 1154 4554 18
