3178 5122
693 288 911 352 ..40-

230 453 291 516 bus
310 452 416 516 omnis
436 451 595 515 dubitatio
616 450 757 535 tollitur,
780 473 853 516 cum
877 419 1041 533 exemplar
1054 449 1172 514 Isidori
1194 451 1375 535 glossarum

232 557 439 644 aSoaligero
468 581 501 624 se
530 562 660 623 nactum
688 580 758 624 esse
767 557 791 644 1)
820 557 997 624 Vulcanius
1030 559 1098 643 ipse
1131 557 1235 622 dieat:
1269 579 1376 642 quam·

232 688 329 749 quam
351 688 446 731 nemo
471 666 575 731 adhuc
603 666 747 732 divinare
775 669 916 750 poterat,
944 687 1040 750 quam
1070 667 1137 730 late
1165 665 1281 730 horum
1309 685 1376 728 ver-

232 774 347 838 borum
366 773 414 837 vis
434 776 569 856 pateret.
596 771 708 858 Neque
723 773 943 858 neglegendus
963 776 1013 838 est
1027 771 1308 857 Scaligeranornm
1321 771 1377 835 ille

232 882 335 964 loeus,
358 881 442 945 unde
465 881 504 945 in
516 880 700 947 Vulcanii
723 879 896 945 editione
914 880 1033 945 Isidori
1056 880 1183 964 glossas
1205 880 1252 944 sio
1272 879 1378 964 appel·

233 990 318 1052 latas
338 1011 409 1053 esse
430 987 657 1072 comperimus,
681 988 713 1051 id
733 989 817 1072 quod
837 987 877 1052 ad
895 987 1009 1052 titulos
1030 987 1201 1071 utrobique
1219 986 1379 1072 praefixos

236 1131 274 1140 —
296 1095 381 1178 quod
400 1094 484 1159 enim
501 1093 646 1178 Scaliger
665 1095 885 1178 inscripserat:
910 1093 1004 1159 ‘liber
1018 1095 1206 1160 Glossarum
1225 1082 1264 1158 ex
1282 1093 1379 1159 variis

235 1201 403 1286 glossariis
433 1200 614 1285 collectns'‚
645 1202 708 1266 hoc
735 1201 913 1266 Vulcanius
946 1201 992 1265 sic
1024 1201 1246 1286 interpolavit:
1284 1199 1381 1265 ‘liber

235 1311 418 1394 glossarum
446 1330 484 1372 ex
507 1308 606 1372 variis
637 1307 807 1390 glossariis
836 1330 931 1392 quae
960 1309 1029 1372 snb
1057 1307 1202 1372 lsidori
1228 1307 1381 1372 nomine
1421 1316 1425 1330 ’

236 1415 566 1482 circumferuntur
589 1413 754 1479 collectus'
773 1452 816 1503 -7
836 1415 959 1500 optime
978 1415 1136 1499 quadrare
1159 1415 1257 1478 vides.
1291 1413 1379 1480 Oete-

236 1546 306 1587 rum
339 1522 453 1606 talem,
489 1521 619 1606 qualem
650 1522 746 1586 modo
780 1522 993 1588 indicavimus
1026 1522 1208 1606 glossarum
1241 1519 1380 1586 ‘Isidori’

235 1629 397 1694 rationem
426 1649 495 1692 esse
523 1628 589 1692 iam
617 1627 737 1691 dudum
765 1629 904 1713 perspici
931 1632 1061 1713 poterat
1088 1651 1128 1693 ex
1155 1626 1312 1714 Scaligeri
1342 1631 1381 1693 ad

237 1735 411 1818 scriptores
426 1735 467 1798 ab
483 1735 554 1817 ipsc
570 1726 968 1820 editos'adnotationibus,
992 1737 1049 1801 ubi
1071 1734 1159 1800 haud
1172 1757 1294 1818 paucae
1308 1735 1382 1800 affe·

236 1842 351 1906 rantur
365 1841 494 1926 glossae
509 1864 529 1905 a
542 1838 701 1906 Vulcania
721 1841 814 1905 annis
834 1844 885 1906 sat
899 1841 1010 1907 multis
1028 1844 1104 1924 post
1117 1841 1247 1905 demum
1265 1839 1300 1927 (i.
1314 1865 1341 1906 e.
1356 1865 1383 1905 a.

240 1949 339 2035 1600)
359 1949 539 2032 evulgatae.
572 1944 625 2011 Sic
642 1947 707 2012 iam
727 1971 754 2012 a.
775 1948 860 2011 1573
880 1949 920 2013 ad
934 1948 1116 2012 Varronem
1135 1933 1173 2012 de
1192 1947 1240 2012 Re
1256 1941 1385 2012 rustica
1413 2023 1418 2028 ,

237 2079 268 2139 p.
283 2056 349 2120 224
368 2053 514 2139 Scaliger
537 2055 723 2138 scripserat:
748 2054 771 2118 ‘.
787 2104 815 2119 ..
835 2059 1002 2138 praeterea
1016 2055 1051 2119 in
1065 2055 1244 2140 glossariis
1268 2055 1384 2120 veteri-

239 2164 308 2249 bus,
328 2185 422 2247 quae
441 2184 558 2246 penes
578 2183 635 2234 mc
654 2166 744 2226 sunt
763 2162 809 2225 ita
823 2162 943 2245 legitur
954 2163 1113 2246 palpalast
1133 2162 1208 2226 baca
1226 2159 1384 2248 πυρήνη),

240 2271 431 2355 quibuscum
449 2269 488 2334 cf.
502 2268 722 2334 Vulcanianas
738 2267 878 2333 ‘Isidori’
898 2269 1025 2353 glossas
1039 2293 1069 2353 p.
1085 2270 1159 2348 681,
1174 2270 1217 2333 24
1233 2270 1385 2358 palpatus,

239 2380 315 2444 baca
329 2379 440 2456 πυρήν.
464 2374 637 2440 Praeterea
650 2398 693 2460 1.,
710 2398 751 2440 ne
771 2376 867 2440 multi
882 2375 991 2458 simus,
1015 2376 1200 2460 appendicis
1216 2373 1385 2441 Coniecta-

239 2505 373 2548 neorum
387 2505 418 2566 p.
436 2483 512 2565 1983
535 2483 595 2548 198
608 2505 666 2568 sq.;
690 2483 732 2547 ad
745 2482 927 2548 Varronem
946 2483 984 2547 de
999 2483 1046 2548 Re
1063 2483 1184 2548 rustica
1202 2507 1232 2568 p.
1246 2485 1326 2567 2443
1346 2485 1385 2548 ad

240 2591 373 2655 Festum
387 2613 417 2674 p.
428 2589 457 2671 5,
470 2589 524 2672 12;
539 2589 569 2673 6,
579 2590 635 2672 32;
650 2591 680 2674 8,
690 2591 745 2672 393
761 2591 813 2673 20,
824 2590 880 2673 28;
897 2590 937 2652 al.
952 2581 1108 2665 Quando
1125 2593 1232 2654 autem
1243 2588 1386 2676 Scaliger

242 2698 410 2782 glossariis
430 2717 562 2781 operam
578 2697 747 2762 navaverit
764 2695 839 2760 inde
863 2696 1002 2760 fortasse
1027 2696 1187 2780 quispiam
1206 2698 1386 2783 coniecerit,

242 2803 328 2888 quod
354 2803 388 2866 in
408 2800 630 2868 Coniectaneis
654 2826 682 2866 a.
704 2802 788 2867 1565
811 2803 906 2867 editis
931 2803 994 2866 nisi
1021 2804 1106 2867 oculi
1129 2825 1179 2868 me
1203 2803 1387 2870 fefellerunt
1478 2823 1484 2832 ·

241 2933 427 2994 nusquam
454 2911 583 2994 glossae
610 2909 831 2993 proferuntur,
860 2909 1003 2974 multae
1032 2913 1140 2973 autem
1163 2911 1198 2974 in
1222 2908 1386 2976 Coniecta-

242 3039 377 3082 neorum
408 3017 582 3101 appendice
611 3019 644 3079 et
670 3016 704 3078 in
732 3017 997 3083 adnotationibus
1026 3017 1066 3080 ad
1089 3015 1248 3082 Varronis
1278 3019 1316 3082 de
1339 3019 1387 3084 Re

243 3123 364 3188 rustica
395 3123 515 3187 librum
543 3143 570 3186 a.
597 3122 681 3187 1573
715 3123 821 3207 editis,
851 3126 887 3187 ut
914 3124 999 3188 inter
1027 3145 1130 3187 annos
1161 3123 1387 3190 1565--1512

245 3231 400 3315 Scaligeri
428 3229 535 3294 studia
567 3230 797 3314 glossematica
824 3231 936 3295 cadere
966 3230 1158 3295 videantur·
1188 3232 1259 3308 Qua
1287 3233 1326 3296 de
1353 3254 1387 3296 re

245 3340 323 3423 quin
347 3338 483 3402 certiora
506 3338 603 3401 etiam
619 3339 775 3424 indagari
798 3339 925 3422 possint
946 3361 1013 3403 non
1037 3339 1159 3404 dubito.
1191 3383 1194 3392 ι
1258 3333 1260 3337 ’

335 3443 491 3509 Secuntur
519 3443 690 3529 ‘Excerpta
717 3443 927 3530 Pythceaua’‚
959 3467 1040 3529 quae
1072 3446 1151 3510 item
1181 3444 1388 3531 aScaligero

252 3713 255 3718 '
320 3709 339 3780 ¹)
362 3710 464 3763 Mirum
487 3711 541 3777 est,
570 3711 707 3777 quantum
726 3709 851 3780 Scaliger
868 3711 1037 3765 Vulcacium
1059 3711 1144 3765 libros
1164 3711 1293 3766 edentem
1312 3711 1388 3765 adiu-

245 3800 329 3855 verit:
348 3818 374 3852 v.
396 3798 530 3868 Scaligeri
549 3797 730 3866 Bernaysiani
747 3817 774 3868 p.
791 3805 850 3852 289.

320 3890 339 3959 ²)
359 3890 389 3943 P.
404 3889 578 3942 Burmannus
593 3887 651 3941 See.
665 3887 738 3940 hanc
757 3873 879 3955 glossam
893 3886 1039 3942 Philoxeni
1057 3887 1186 3956 glossarii
1200 3905 1259 3942 esse
1277 3893 1391 3959 propter

246 3978 372 4032 additam
390 3993 487 4031 vocem
506 3988 637 4045 graecam
654 3976 744 4043 ratus,
769 3974 809 4029 ibi
828 3992 857 4030 11
876 3976 1011 4046 indagare
1028 3993 1085 4030 non
1102 3975 1225 4044 potuisse
1244 3980 1391 4035 confitetur

247 4067 471 4137 apographorum
489 4084 516 4135 p.
536 4069 595 4119 450.
632 4065 741 4118 Hansta
760 4066 803 4118 est
824 4065 918 4134 potius
936 4082 970 4120 ex
989 4067 1093 4120 atavae
1116 4065 1244 4134 glossarii
1266 4067 1390 4136 pleniore

247 4155 389 4210 memoria.
417 4155 547 4224 Namque
568 4172 600 4208 ex
614 4153 797 4208 Hildebrandi
816 4154 949 4223 glossario
968 4154 1092 4208 Parisino
1106 4173 1133 4223 p.
1150 4161 1212 4208 153:
1231 4157 1390 4224 pellicidias

246 4247 316 4314 pelo,
334 4245 482 4313 palpatasr
501 4261 571 4298 caca
590 4243 648 4314 (nbi
661 4245 786 4313 praestat
800 4244 858 4299 cod.
874 4242 1017 4298 Leidensis
1032 4243 1118 4297 67F³z
1136 4245 1281 4312 palpatus:
1301 4264 1391 4316 uacca,
1434 4279 1438 4288 ·

247 4335 432 4404 petrianam:
451 4334 522 4403 peta)
542 4332 677 4400 Scaligeri
695 4332 788 4401 glossa
802 4349 857 4386 non
871 4331 962 4399 fluxit,
982 4333 1030 4386 sed
1045 4349 1078 4386 ex
1096 4331 1149 4386 tali
1167 4349 1290 4402 corpore,
1309 4337 1391 4404 quale

248 4423 335 4477 codex
353 4421 502 4476 Vossianus
520 4422 579 4476 Fol.
598 4427 631 4476 82
652 4421 771 4476 exhibet.
809 4421 852 4478 lbi
870 4422 968 4476 habes:
986 4422 1129 4490 paleatos:
1148 4437 1220 4476 aaca
1237 4424 1351 4479 ΠΙΡΗΝ.
