3232 5122
696 328 848 392 Ι--237
898 363 936 373 -

248 499 295 604 ps,
313 521 358 604 hi,
376 521 432 606 Bo,
450 521 507 606 Rs,
526 523 596 587 sim.
628 521 740 607 Neque
754 525 863 587 tamen
883 544 1001 614 omnes*
1013 522 1047 585 in
1064 521 1265 605 praefatione
1283 520 1390 586 fontes

247 627 411 692 indicavit.
457 629 543 694 Usus
567 632 615 694 est
637 629 723 692 enim
747 628 847 692 etiam
871 627 979 720 Gellio
1000 625 1044 714 (v.
1064 625 1195 712 bidens),
1222 626 1390 692 Macrobio

248 730 291 820 (v.
314 733 449 819 corpus),
477 733 607 801 Donato
627 735 769 799 Terentii
792 732 836 820 (v.
855 731 1009 819 decreuit),
1034 733 1287 798 derivationibus
1297 732 1322 818 ¹)
1346 731 1390 819 (v.

248 861 305 922 apo
323 862 399 906 cauo
421 847 526 924 eripere
548 863 600 906 cor
622 843 660 906 do
682 843 784 906 doecre
806 841 915 905 doinus
937 842 990 905 edo
1011 839 1112 921 facere
1132 839 1197 919 fero
1220 840 1303 922 stopo
1318 859 1390 921 pero

244 948 337 1029 pigno
357 947 421 1034 at),
440 949 523 1014 aliis.
556 949 728 1013 Praeterea
747 948 955 1031 exscripsisse
975 947 1102 1012 videtur
1120 942 1283 1010 breviores
1298 945 1337 1008 de
1356 967 1390 1009 re

249 1055 394 1134 metrica,
419 1056 457 1119 de
481 1055 702 1138 philosophia,
725 1055 763 1118 de
787 1053 965 1138 lapidibuS‚
989 1054 1026 1117 de
1050 1053 1195 1118 vestibus
1222 1054 1336 1136 sacris,
1358 1052 1390 1115 id

212 1219 215 1226 r
248 1181 349 1244 genus
369 1162 491 1226 similes
510 1164 669 1226 tractatus
676 1159 711 1246 ²).
739 1160 833 1224 Libri
848 1161 1033 1245 glossarum
1048 1161 1195 1244 exemplo
1208 1182 1302 1224 usum
1318 1181 1390 1222 eum

248 1288 318 1330 esse
341 1270 420 1350 puto
438 1269 473 1332 in
491 1269 621 1332 brevius
640 1269 706 1331 iam
725 1270 905 1358 contracto:
928 1265 1189 1350 frequentissime
1209 1265 1294 1330 enim
1318 1285 1391 1328 con-

321 1513 341 1582 1)
367 1512 578 1569 Derivationum
602 1530 672 1583 quae
692 1513 727 1567 ad
747 1529 825 1582 apere
848 1515 963 1568 verbum
983 1515 1111 1583 spectant
1128 1515 1237 1582 partem
1257 1513 1391 1580 exscribo,

246 1605 279 1657 ut
297 1621 360 1656 cum
379 1602 442 1658 aliis
465 1603 606 1657 memoriis
630 1602 802 1672 comparatio
826 1602 937 1656 institui
959 1603 1060 1672 possit:
1089 1603 1155 1672 ‘ago
1174 1603 1217 1672 gis
1236 1601 1301 1657 inde
1321 1601 1391 1656 deri·

246 1696 330 1747 natur
348 1709 446 1762 agens:
467 1695 553 1747 actus.
572 1694 609 1747 ta.
630 1694 703 1747 tum:
723 1693 759 1746 ab
778 1693 887 1762 agentis
906 1693 942 1746 tis
960 1693 990 1745 in
1009 1692 1060 1746 dus
1078 1693 1110 1746 fit
1128 1693 1252 1762 agendus
1271 1691 1308 1744 da
1326 1691 1392 1744 dum

215 1805 224 1820 ·
246 1781 426 1850 participium
445 1783 474 1836 et
492 1791 604 1836 nomen:
624 1782 690 1836 dum
709 1781 849 1852 significat
866 1800 925 1836 rem
945 1781 1059 1850 dignam
1079 1782 1132 1851 agi.
1164 1781 1208 1834 Ab
1227 1783 1306 1835 actus
1325 1797 1392 1850 quo-

177 1937 183 1946 ·
247 1887 300 1939 que
318 1869 468 1941 participio
483 1872 560 1926 actus
574 1871 752 1941 participiale
766 1887 867 1925 nomen
882 1872 999 1939 quartae
1014 1869 1221 1924 declinationis:
1242 1886 1259 1923 a
1273 1886 1327 1937 quo
1346 1868 1392 1922 hic

247 1960 364 2014 ethaeo
383 1958 500 2013 actualis
519 1960 547 2012 et
564 1959 618 2013 hcc
637 1958 755 2013 actuale.
794 1960 822 2013 et
846 1959 993 2013 actualiter
1013 1959 1189 2013 aduerbium:
1212 1959 1278 2013 inde
1297 1960 1391 2020 actua

246 2047 304 2101 rius
321 2047 371 2102 ria.
390 2048 475 2102 rium:
501 2049 530 2102 et
548 2048 703 2102 actualitas.
724 2049 809 2102 actor.
829 2048 924 2102 actrix.
949 2048 1035 2102 actio:
1059 2048 1102 2102 Ab
1122 2065 1175 2118 ago
1195 2047 1280 2102 etiam
1297 2047 1345 2101 hic
1364 2049 1393 2100 et

247 2137 317 2190 haee
334 2136 417 2206 agilis
437 2139 465 2191 et
483 2137 537 2191 hoc
555 2137 630 2206 agile
649 2137 797 2206 agillimus.
817 2154 902 2205 aquo
921 2137 1034 2206 agiliter
1053 2137 1218 2190 aduerbium
1232 2137 1261 2190 et
1277 2135 1391 2206 agilitas

247 2225 350 2280 forma:
378 2226 445 2280 Inde
464 2243 574 2296 quoque
593 2243 660 2296 ager
683 2227 756 2296 agri:
781 2243 798 2280 a
817 2245 872 2294 quo
891 2225 1088 2279 diminutiuum
1107 2224 1216 2294 agellus
1234 2224 1300 2278 inde
1319 2225 1392 2292 agri-

246 2313 340 2367 monia
363 2305 535 2384 agrimoniae
559 2317 588 2368 et
610 2315 727 2384 agrestis
756 2315 911 2369 deriuatur:
943 2314 986 2367 Ab
1015 2330 1068 2382 ago
1095 2330 1207 2382 quoque
1230 2314 1290 2384 agis
1314 2314 1391 2384 agito

245 2401 483 2476 frequentatiuum
498 2421 575 2470 ¹cum
601 2403 757 2472 participiis
782 2404 837 2458 suis
861 2405 891 2458 et
912 2401 1080 2456 nominibus.
1117 2401 1248 2471 Agitatus
1271 2404 1324 2457 tus
1349 2404 1392 2458 tui

246 2493 362 2560 quartae
382 2491 576 2547 declinationis
596 2493 624 2545 et
642 2491 765 2561 agitator
785 2491 918 2562 agitatrix
941 2491 1098 2562 agitabilis:
1122 2491 1253 2562 agitatio:
1278 2495 1306 2547 et
1329 2509 1391 2546 cum

247 2580 420 2650 compositis:
446 2583 478 2635 ut
501 2581 639 2650 subagito
664 2581 693 2634 et
716 2581 840 2650 exagito:
866 2581 1008 2651 peragite:
1035 2581 1140 2650 cogito:
1167 2582 1314 2651 cogitatus.
1338 2584 1391 2636 tus.

245 2670 295 2725 tui.
315 2671 430 2737 quartae
442 2669 657 2724 declinationis:
678 2669 817 2739 cogitator
835 2670 984 2739 cogitatrix
1003 2671 1145 2740 cogitatio.
1174 2670 1217 2724 Ab
1237 2687 1291 2741 ago
1310 2689 1391 2741 ager:

246 2759 287 2812 ab·
301 2775 368 2828 agro
388 2759 563 2828 componitur
587 2758 711 2830 agricola
735 2761 763 2814 et
786 2759 969 2830 agricultura:
1004 2759 1115 2829 Onager
1138 2776 1205 2814 onos
1228 2759 1302 2830 agri:
1326 2759 1391 2814 inde

247 2847 389 2901 deriuatur
407 2863 488 2916 agro:
507 2849 582 2916 quod
600 2865 656 2902 non
674 2847 764 2903 estin
777 2867 836 2902 usu.
856 2849 928 2903 unde
948 2849 1123 2918 componitur
1142 2865 1261 2919 peragro
1280 2865 1345 2918 gras
1364 2850 1393 2902 et

245 2936 430 3006 peregrinus'.
459 2935 595 2992 Secuntur
614 2937 780 3006 composita:
800 2939 878 3006 caipo
893 2939 975 3008 adipe
990 2940 1144 3007 circumage
1164 2938 1216 2992 cet.
1243 2937 1392 2991 Praeterea

246 3026 281 3079 ab
301 3026 408 3094 agendo
428 3025 602 3080 derivantur:
622 3043 695 3096 agea
713 3027 810 3096 agonis
831 3067 880 3081 ...
900 3043 949 3082 rea
968 3028 1077 3096 repulus
1095 3027 1193 3096 regina
1208 3069 1213 3080 .
1230 3069 1235 3082 .
1253 3067 1259 3080 .
1277 3043 1393 3096 regnare

247 3157 297 3169 ...
317 3117 431 3184 auriga:
451 3116 558 3184 arrigo.-
576 3117 657 3184 eripe
677 3117 790 3184 corripe.
810 3133 906 3186 surgo:
925 3119 998 3171 uude
1016 3118 1187 3186 componitur
1211 3117 1333 3186 Iasurqo
1352 3134 1391 3170 re·

245 3219 341 3273 surgo:
367 3209 391 3257 et
410 3210 565 3273 ceteraque
587 3206 699 3273 quisquc
721 3206 859 3259 studiosus
877 3206 980 3273 poterit
1003 3205 1137 3261 inuenire.
1175 3204 1216 3260 Of.
1237 3204 1391 3260 Osbernum

245 3309 273 3361 p.
289 3299 390 3360 28sqq.
409 3292 528 3346 Videtur
542 3294 636 3346 autem
651 3293 790 3347 exstitisse
805 3292 1009 3348 derivationum
1023 3293 1094 3348 fiber
1109 3310 1163 3347 non
1177 3295 1260 3348 ninus
1274 3295 1392 3349 refertus

245 3380 477 3435 hariolationibus
492 3383 517 3450 (e
533 3381 611 3451 quali
624 3381 755 3436 fluxerint
763 3382 875 3452 Papiae,
883 3384 1025 3452 excerpta)
1044 3382 1174 3451 idemque
1189 3386 1288 3452 postea
1301 3384 1392 3454 magis

245 3470 391 3540 magisque
419 3473 517 3524 auctus
545 3488 604 3526 esse
633 3489 696 3526 cum
723 3471 941 3526 derivationibus
966 3472 1162 3541 insanissimis,
1186 3475 1248 3527 tum
1271 3473 1391 3526 maxime
1492 3489 1502 3508 ·

246 3559 314 3613 locis
334 3577 348 3614 e
366 3560 451 3616 variis
471 3559 651 3628 scriptoribus
670 3559 774 3630 petitis.
805 3559 948 3614 Eiusmodi
966 3561 1108 3615 uberrima
1126 3561 1260 3614 memoria
1274 3561 1317 3615 usi
1336 3562 1392 3615 sint

247 3647 386 3702 Osbernus
405 3652 434 3704 et
452 3649 569 3719 Uguti0‚
589 3649 638 3718 qui
657 3649 691 3702 de
710 3665 759 3702 suo
777 3649 868 3702 multa
886 3649 1052 3728 addiderint.

320 3737 340 3804 ⁹)
366 3739 430 3792 Non
448 3737 564 3806 indigna
588 3740 653 3792 sunt
675 3754 746 3806 quae
771 3737 959 3792 exscribantur
983 3740 1108 3792 extrema
1131 3737 1243 3792 articuli
1266 3738 1300 3792 de
1326 3737 1391 3792 ‘for-

246 3826 329 3881 matis
343 3827 478 3896 epistolis’
500 3827 598 3881 verba:
619 3827 696 3896 ‘post
713 3827 783 3881 haec
797 3827 985 3882 adiiciendum
1004 3829 1048 3881 est
1066 3829 1140 3897 quod
1159 3828 1311 3897 imperator
1329 3842 1391 3897 pro·

245 3915 308 3984 pria
335 3933 419 3970 manu
452 3915 646 3985 subscripserit
674 3918 702 3970 et
728 3917 841 3987 proprio
870 3917 975 3987 signari
1003 3917 1096 3986 sigillo
1122 3916 1241 3971 iusserit.
1278 3916 1310 3971 In
1337 3917 1391 3970 fine

246 4022 465 4075 monogrammav
476 4007 519 4059 est
537 4005 709 4074 ponendum,
730 4005 759 4059 in
779 4023 834 4075 quo
852 4023 954 4061 nomen
972 4006 1150 4075 imperatoris
1169 4009 1203 4078 et
1214 4004 1391 4075 imperatoris

246 4094 359 4165 augusti
383 4098 412 4149 et
436 4095 481 4148 dei
504 4095 597 4164 gratia
620 4111 773 4149 connexum
799 4094 936 4150 habeatur
963 4095 1008 4148 uel
1032 4094 1089 4149 alia
1116 4111 1170 4164 que
1192 4095 1391 4166 imperatorem

245 4183 371 4240 deceant.
410 4183 526 4252 Signum
555 4183 661 4238 domini
688 4183 792 4238 ostonis
816 4183 984 4238 serenissimi
1009 4184 1192 4254 imperatoris.
1229 4184 1297 4238 Post
1322 4185 1391 4238 haec

246 4273 298 4326 sic:
318 4272 453 4327 Henricus
469 4271 652 4327 cancellarius
664 4290 740 4342 ureg.
756 4272 934 4348 uercellensis
949 4271 1073 4343 episcopi
1092 4272 1249 4344 recognovi.
1273 4273 1391 4326 Factum

246 4373 318 4416 anno
338 4361 493 4415 sominae
512 4360 712 4415 incarnationis
731 4361 775 4416 rr.
796 4345 932 4425 indicata
948 4362 1002 4416 ,vi
1018 4378 1090 4416 anno
1107 4379 1174 4417 uero
1193 4361 1252 4415 uus
1270 4361 1390 4430 imperc-

245 4450 314 4502 toris
332 4449 412 4520 regni
433 4449 500 4504 .XII.
520 4449 620 4503 Actum
639 4465 734 4503 romae
752 4448 894 4504 feliciter’.
