3232 5122
639 349 882 414 -223-

193 513 233 574 16
256 511 279 574 f.
304 510 390 592 15Ἶ,
419 507 560 593 ‘Agniti'
590 508 672 588 [cod.
695 509 791 572 Bern.
816 509 857 573 16
880 508 902 572 f.
927 509 1015 590 71¹1,
1045 507 1096 572 'ex
1123 508 1244 574 esidori
1270 511 1336 594 atq:

192 618 350 682 ambrosii
372 617 418 680 lib
442 613 593 680 collectfi'
619 615 700 695 [cod.
723 615 818 680 Bem.
843 615 884 678 16
906 614 929 678 f.
950 614 1039 697 19’],
1062 612 1144 700 011).
1188 614 1264 681 Non
1286 619 1338 680 001

189 725 286 788 10100
313 723 378 788 1001
406 722 557 807 pluribus
589 721 628 785 60
654 721 773 787 horum
804 723 1030 804 excerptorum
1060 720 1096 784 in
1127 721 1336 786 emendandis

191 831 331 915 singulis
364 830 577 913 scriptoribus
609 829 642 892 vi
674 832 771 913 atque
805 827 1000 893 auctoritate
1034 846 1143 910 agere:
1175 850 1337 912 perpauca

190 938 405 1022 proferemus,
430 937 495 1001 alia
513 936 577 1000 alio
596 939 744 1020 tempore
762 936 985 1001 tractabimus.
1017 934 1163 999 Isidori
1186 938 1338 1018 excerpta

191 1067 269 1129 prce
287 1045 403 1108 ceteris
423 1044 524 1127 digna
543 1046 633 1125 sunt,
654 1043 690 1106 in
708 1065 790 1126 quae
810 1043 992 1118 accuratius
1010 1042 1205 1125 inquiratur:
1228 1042 1338 1106 viden·
1423 1044 1426 1050 ’

191 1149 333 1216 turbon
356 1151 449 1214 nulla
470 1150 518 1214 111
541 1149 686 1214 exhiberi
715 1151 987 1235 uberioraquam
1009 1150 1044 1215 in
1058 1149 1228 1235 Originum
1253 1149 1340 1214 codi-

192 1260 298 1342 cibus,
316 1262 350 1322 et
366 1259 495 1340 saepius
509 1256 609 1320 etiam
625 1256 857 1322 emendatiora.
886 1256 1070 1322 Isidoriana
1087 1279 1154 1322 non
1171 1277 1244 1320 raro
1265 1277 1335 1319 cum

190 1364 467 1430 Ambrosianis
483 1362 704 1428 contaminata
714 1385 784 1428 esse
794 1362 957 1428 Usenerus
968 1365 1112 1429 ostendit
1119 1364 1140 1428 l'.
1151 1385 1176 1426 0.
1187 1385 1210 1427 0.
1225 1362 1337 1446 0383.

191 1471 344 1537 Placidi
372 1470 407 1534 in
434 1469 519 1534 libro
542 1470 727 1554 glossarum
749 1471 926 1548 memoriae
949 1472 1126 1536 auctoritas
1150 1492 1223 1534 cum
1244 1469 1338 1534 libris

193 1579 368 1664 separatim
401 1576 572 1660 descriptis
605 1576 640 1640 in
671 1577 775 1642 Musei
806 1576 958 1642 Rhenani
988 1582 1011 1641 t.
1034 1576 1144 1642 XXXI
1168 1574 1211 1662 (a.
1236 1572 1337 1660 1816)

113 1741 117 1748 .
191 1710 222 1771 p.
234 1688 278 1751 64
286 1709 354 1770 sqq.
369 1708 389 1749 a
401 1685 497 1749 nobis
513 1686 702 1767 comparata
717 1687 774 1748 001
799 1683 888 1760 Quae
902 1688 940 1748 ut
954 1707 971 1749 e
986 1683 1170 1749 Cicerone
1186 1686 1339 1767 excerpta

192 1811 227 1875 in
250 1810 397 1895 margine
416 1805 500 1872 ‘Oid'
523 1809 575 1871 vel
593 1789 752 1872 ‘Ciceron'
775 1809 828 1872 vel
852 1809 1012 1874 similibus
1035 1809 1123 1875 notis
1147 1808 1339 1892 indicantur,

192 1939 376 2002 synonyma
402 1916 461 1980 illa
489 1919 564 1979 sunt
588 1913 737 1980 Ciceroni
763 1915 849 1980 falso
876 1917 1047 2000 inscripta,
1078 1939 1158 2000 quae
1185 1916 1337 1980 vetustis·

193 2025 284 2088 simis
312 2027 345 2087 et
370 2021 646 2086 numerosissimis
680 2021 844 2086 codicibus
876 2023 999 2088 tradIIa
1027 2024 1138 2088 habes.
1183 2023 1234 2087 110
1262 2026 1339 2107 post

193 2131 274 2195 alios
304 2129 357 2194 W.
380 2127 415 2192 L.
438 2129 597 2194 Mahneus
629 2127 780 2214 Lugduni
813 2129 1013 2195 Batavorum
1050 2153 1078 2195 a.
1108 2129 1191 2195 1851
1229 2129 1338 2195 edidit.

193 2236 328 2301 Glossas
351 2235 602 2320 Vergilianas
631 2232 680 2320 (in
703 2236 850 2321 margine
875 2235 1020 2321 ‘virgili'
1045 2236 1143 2302 scribi
1166 2233 1263 2322 00101)
1286 2257 1339 2320 pe-

193 2344 273 2408 titas
297 2365 368 2407 0000
391 2365 408 2407 0
430 2343 539 2407 codice
563 2342 704 2425 quodam
727 2343 886 2428 glossam,
910 2345 999 2410 cuius
1022 2345 1274 2410 commentarius
1299 2345 1338 2408 06

192 2449 325 2514 Aelium
355 2448 523 2514 Donatum
554 2449 700 2532 redierit,
736 2449 900 2515 Usenerus
933 2452 1158 2536 comprobavit
1189 2452 1224 2516 in
1255 2451 1339 2516 Mus.

194 2556 298 2620 11100.
321 2559 343 2620 1
366 2554 478 2620 XXIII
501 2551 544 2638 (a.
562 2553 660 2640 1868)
682 2557 798 2638 0496
818 2557 934 2622 01616
958 2558 1102 2642 itemque
1124 2561 1148 2621 t.
1161 2555 1272 2622 XXIV
1296 2553 1338 2642 (a.

196 2663 295 2751 1869)
309 2687 340 2748 p.
354 2664 428 2729 383.
460 2661 625 2745 Excerpta
644 2661 699 2725 ‘de
718 2663 953 2746 ortografia'
973 2664 1014 2728 06
1031 2664 1152 2730 Isidori
1166 2663 1337 2748 Originum

193 2770 223 2855 Ι,
241 2771 284 2835 26
308 2774 405 2854 caput
428 2771 557 2835 aliunde
581 2770 774 2853 ampliatum
797 2773 830 2834 et
853 2772 1040 2855 suppletum
1067 2772 1153 2836 idem
1175 2771 1338 2836 Usenerus
1382 2773 1385 2780 ’

193 2880 322 2943 rettulit
344 2881 379 2943 in
401 2877 485 2942 Mus.
507 2876 610 2941 Rhen.
632 2882 656 2942 t.
673 2877 784 2942 XXIV
807 2874 850 2963 (a.
871 2877 971 2967 1869)
993 2901 1025 2962 p.
1045 2880 1118 2944 109.

283 2984 477 3050 Gravissimi
505 2989 615 3049 autem
643 2985 685 3048 06
711 2987 824 3049 nostra
851 2986 960 3050 010610
986 2987 1143 3079 momenti
1169 2986 1227 3050 illa
1255 2989 1339 3068 0001,

195 3093 310 3176 quibus
344 3091 403 3156 ‘de
436 3089 577 3175 glosis'
605 3092 658 3156 vel
688 3090 744 3154 ‘de
772 3085 862 3175 glos’
889 3092 942 3156 vel
970 3090 1026 3156 ‘de
1054 3091 1107 3177 gl'
1139 3091 1339 3177 praefigItur.

194 3196 288 3263 Hanc
319 3202 433 3264 notam
466 3198 509 3262 ad
542 3220 641 3262 unum
674 3197 806 3282 aliquod
837 3199 1034 3282 glossarium
1067 3203 1212 3283 spectare
1244 3204 1340 3284 putat

195 3304 363 3388 Augustus
386 3303 573 3368 Wilmanns
596 3305 617 3368 1
641 3327 665 3368 0.
689 3327 714 3367 0.
736 3328 768 3388 p.
787 3305 867 3388 316,
890 3291 1067 3371 00010006
1090 3306 1182 3371 varia
1203 3307 1340 3390 minora,

196 3433 277 3496 quae
317 3411 345 3476 is
386 3412 442 3496 qui
488 3411 610 3497 grande
656 3419 753 3494 opus‘
787 3413 972 3496 composuit
1012 3411 1153 3498 undique
1194 3414 1341 3479 conlecta

195 3519 381 3604 inseruerit,
415 3519 579 3584 Usenerus
611 3518 734 3583 ibidem
765 3542 795 3603 p.
819 3520 899 3603 383,
935 3520 1026 3584 00100
1059 3521 1220 3584 0001001ἰο
1247 3520 1340 3584 unice

195 3647 271 3689 vera
307 3629 365 3690 001.
414 3625 566 3690 Pluribus
603 3647 676 3689 eam
712 3627 924 3708 comprobare
961 3648 1041 3709 opus
1073 3649 1140 3691 non
1171 3629 1235 3710 001,
1267 3648 1341 3690 cum

195 3731 371 3797 eonmdem
401 3733 592 3796 lemmatum
624 3731 738 3796 eodem
769 3733 821 3797 vel
850 3732 1015 3796 simillimo
1039 3719 1136 3797 modo
1164 3733 1339 3817 explicato-

194 3860 268 3902 rum
296 3837 480 3921 frequentia
505 3819 732 3922 argumentum
760 3839 805 3903 sit
831 3861 899 3904 non
926 3838 1069 3902 dubium.
1114 3837 1200 3902 Illud
1227 3842 1341 3904 contra

196 3944 445 4029 diligentissime
475 3944 537 4007 erit
563 3944 810 4029 explorandum,
843 3967 1003 4030 quaenam
1035 3967 1074 4010 ex
1106 3945 1274 4030 glossariis
1306 3945 1342 4008 in

196 4074 312 4136 corpus
343 4052 425 4116 illud
452 4053 591 4137 receptis
621 4053 800 4117 etiamnum
830 4056 959 4118 servata
989 4053 1068 4136 0101,
1100 4073 1182 4136 quae
1210 4051 1340 4136 quidem
1392 4070 1395 4078 ’

270 4301 290 4369 ¹)
308 4300 394 4354 Index
412 4299 539 4354 Maianus
556 4299 587 4354 in
605 4298 692 4354 61000.
712 4300 785 4357 auct.
804 4301 825 4354 1.
841 4298 879 4354 Vl
896 4319 924 4370 p.
939 4304 991 4354 575
1012 4299 1102 4354 multa
1120 4247 1340 4369 comprehendit,

197 4405 269 4457 qnae
286 4407 343 4443 non
364 4391 395 4444 in
417 4390 544 4459 margine
566 4388 749 4458 indicantur,'
763 4390 811 4444 sed
834 4389 864 4442 in
886 4389 955 4460 ipsis
977 4390 1078 4460 glossis
1096 4390 1259 4446 excitanmr.
1297 4387 1339 4444 cf.

134 4552 137 4558 Ι
196 4479 350 4533 Usenerum
367 4479 386 4534 l.
406 4499 426 4535 0.
446 4497 466 4534 s.
485 4497 513 4548 p.
533 4485 593 4534 383.
