3178 5122
663 369 870 414 ...IX-.-

193 531 269 575 anns
285 512 421 592 possedit
526 511 708 595 obinpnsse:
731 512 817 594 adipe
838 513 1000 595 alienasse,
1032 509 1162 594 explicit
1190 511 1335 594 lymbus:

193 638 287 682 naues
297 619 437 700 piratica
517 619 881 702 internecatum
962 619 1133 701 lymfotonr
1154 619 1293 699 furiosus

194 724 385 790 lannois:
409 726 556 791 lntnosns.
601 724 694 789 Unde
718 729 867 810 excerpta
889 727 985 810 plane
1009 725 1126 790 docent
1145 725 1338 810 glossarium

194 830 341 897 ‘abavus'
364 833 545 916 glossarum
564 832 715 909 familiae,
730 833 826 916 atque
849 831 1006 896 uberioris
1030 832 1158 917 quidem
1182 831 1340 896 recensio·

193 939 245 1002 nis
269 960 347 1003 esse.
392 937 541 1002 Ceterum
560 960 627 1002 non
645 938 763 1002 desunt
786 937 914 1002 aliunde
934 939 1037 1022 petita
1060 925 1164 1025 eaque
1185 961 1224 1002 ex
1246 943 1338 1022 parte

176 1068 259 1110 ‘non
282 1046 386 1110 malae
408 1047 514 1110 notae.
550 1045 600 1110 Ex
614 1045 677 1109 hoe
696 1047 803 1109 autem
822 1045 893 1128 ipso
918 1045 1024 1112 codice
1040 1046 1155 1111 Olaum
1170 1043 1340 1109 Bloehium

194 1156 337 1238 glossam
364 1151 449 1216 infra
475 1176 506 1236 p.
532 1154 595 1217 164
622 1153 825 1237 propositam
852 1153 1054 1235 amplastra:
1083 1153 1340 1226 naamanin

193 1265 388 1326 ornamenta
414 1261 504 1324 naun
527 1282 598 1323 cum
617 1258 789 1324 Francisoo
809 1259 946 1324 Oehlero
971 1261 1223 1326 communicasse
1245 1259 1340 1324 facile

195 1367 407 1433 demonstrari
422 1371 543 1451 potest,
558 1389 689 1451 prorsus
704 1368 789 1432 enim
804 1367 914 1436 eadem
929 1368 962 1430 in
978 1367 1084 1432 codice
1095 1367 1256 1432 Vossiano
1271 1365 1343 1432 Fol.¹

196 1478 248 1560 82,
272 1473 415 1540 ‘abavus'
440 1474 620 1558 glossarum
643 1475 824 1558 pleniorum
847 1474 1007 1560 exemplo,
1031 1479 1148 1541 exstat.

282 1617 317 1682 P.
342 1618 418 1680 104:
443 1616 481 1682 cf.
505 1639 586 1701 quac
611 1616 651 1681 ad
674 1640 706 1700 p.
727 1619 793 1682 234
817 1640 863 1702 sq.
888 1590 1071 1682 adiciemus.

283 1761 318 1824 P.
339 1762 398 1824 111
421 1781 489 1844 sqq.
534 1758 582 1824 De
606 1759 764 1824 hebraicis
788 1760 1021 1846 glossariorum
1043 1759 1338 1846 Amplonianorum

193 1867 355 1933 lemmatis
370 1865 559 1949 explicatius
573 1866 641 1951 egit
655 1864 860 1930 Hermannus
871 1865 1072 1931 Rocnschius
1089 1867 1122 1931 in
1136 1868 1239 1932 Musei
1254 1866 1339 1932 Rhe·
1389 1889 1392 1893 ·

193 1974 272 2041 nani
295 1977 319 2038 t.
341 1971 449 2037 XXXI
473 1969 514 2056 (a.
542 1967 640 2057 1876)
670 1994 700 2055 p.
723 1971 909 2035 453-464.
954 1969 1043 2036 Duas
1074 1977 1182 2036 autem
1210 1973 1339 2058 glossas

194 2082 360 2146 hebraicas
384 2101 453 2142 esse
476 2079 561 2143 falso
585 2079 647 2143 sibi
669 2077 838 2162 persuasit,
856 2071 996 2162 ‘quarum
1021 2078 1059 2142 de
1083 2080 1186 2144 altera
1204 2079 1248 2164 (p.
1264 2083 1340 2164 271,

193 2190 235 2254 27
253 2187 300 2252 ed.
315 2182 455 2271 Oehler.)
471 2186 570 2250 Mosa
583 2203 593 2248 t
602 2206 663 2267 pro
677 2189 825 2250 senectute
837 2185 954 2249 santa
968 2208 995 2249 v.
1020 2207 1100 2269 quae
1124 2184 1208 2249 infra
1231 2209 1261 2270 p.
1274 2188 1337 2251 100

194 2297 267 2360 adn.
291 2293 486 2378 collegimus
532 2290 677 2354 Alteram
701 2295 810 2355 autem
833 2313 863 2374 p.
879 2292 952 2369 274,
976 2292 1040 2357 218
1064 2293 1172 2357 nsisnn
1196 2291 1337 2377 [inipso

197 2403 303 2468 codice
326 2400 434 2485 potius
457 2398 594 2480 oss'isno]
616 2415 625 2460 τ
651 2398 736 2478 socco
758 2397 938 2476 deceptionis
970 2397 1094 2461 animae
1120 2395 1337 2462 Roensohium

175 2508 280 2594 sugit
305 2507 340 2571 in
369 2507 553 2590 fragmento
576 2493 801 2568 Werthinensi
834 2505 880 2569 sio
911 2504 1061 2569 traditam
1096 2505 1186 2568 esser
1211 2505 1339 2570 mnne:

194 2615 282 2696 foveo
304 2612 485 2696 deceptionis
508 2611 732 2693 iniciantium,
763 2611 937 2697 codemque
966 2611 1067 2675 videri
1096 2615 1240 2696 spectare
1268 2605 1340 2676 Pla-

196 2722 301 2786 cidum
338 2743 369 2804 p.
394 2720 444 2804 10,
470 2721 524 2784 19:
555 2720 663 2784 aian
695 2719 831 2798 [menneo
854 2718 921 2783 cod.
950 2717 1092 2798 Corsii]:
1114 2723 1245 2801 petanro
1267 2740 1341 2801 per·

194 2831 269 2894 nice.

283 2971 319 3036 P.
345 2971 406 3035 139
431 2993 477 3054 sq.
523 2967 744 3033 Vetustissimi
772 2969 890 3033 codicis
918 2967 1141 3052 Sangallensis
1164 2970 1229 3034 912
1254 2969 1340 3054 glos·

197 3102 250 3144 sae
273 3099 392 3164 magna
415 3099 453 3141 ex
476 3079 568 3161 parte
596 3075 631 3139 in
654 3073 872 3140 Ambrosiano
896 3074 923 3139 B
944 3077 983 3140 31
1011 3098 1080 3159 sup.
1103 3076 1236 3141 membr.
1259 3097 1341 3140 saec.

195 3189 263 3252 fere
285 3186 331 3250 IX
355 3183 399 3271 (v.
422 3183 508 3250 infra
530 3208 561 3269 p.
587 3181 664 3269 179)
688 3187 831 3269 exstant,
854 3182 958 3267 quode
982 3183 1065 3246 alias
1087 3184 1188 3266 plura.

285 3327 319 3392 P.
344 3328 406 3392 147
432 3349 479 3412 sq.
528 3325 747 3409 Maximopere
779 3327 903 3411 gaudeo
936 3326 1021 3411 quod
1053 3324 1271 3390 memorabilis
1303 3325 1341 3388 de

196 3436 326 3502 favonio
350 3430 478 3520 glossae
500 3455 617 3498 novam
641 3433 827 3498 memoriam
850 3433 884 3497 in
908 3433 990 3498 libro
1009 3434 1191 3519 glossarum
1214 3431 1341 3516 repperi

197 3544 300 3608 hanc:

242 3651 299 3736 dgl
328 3647 491 3714 Fabonius
518 3650 645 3713 uentus.
676 3647 828 3711 fabonius
856 3626 933 3713 dicit
964 3647 1018 3712 &iai
1043 3647 1121 3712 solis
1148 3647 1258 3713 radius
1286 3645 1341 3730 qui

356 3766 566 3841 nonnumqua
592 3755 678 3818 uitro
707 3757 764 3818 aut
791 3757 926 3839 argento
954 3757 1073 3841 raptus.
1102 3777 1148 3818 su.
1176 3753 1278 3838 suagi.
1305 3774 1342 3816 ac

356 3863 485 3928 tremuli
507 3863 644 3948 fulgoris
669 3861 766 3926 simul
789 3861 957 3925 aclaritate
980 3861 1155 3945 resplend&

198 3973 281 4037 unde
300 3973 432 4056 elegans
453 3971 558 4034 forma
582 3968 689 4032 evadit
707 3968 794 4033 talis:
817 3968 1031 4033 Favonius:
1054 3973 1176 4044 caetera
1198 3966 1343 4047 fooonins

197 4081 311 4146 dieitin
333 4079 426 4144 etiarn
448 4078 522 4143 sotis
543 4077 666 4160 radiis,
684 4076 739 4157 qni
759 4096 824 4139 non
845 4095 1016 4156 nnnqinnn
1038 4075 1116 4139 nitro
1139 4079 1195 4137 ont
1215 4078 1341 4156 arpenta

197 4207 389 4271 repercussus
410 4186 481 4270 napi
503 4205 540 4249 ae
563 4183 686 4247 tremuli
705 4183 842 4268 fnlpnris
864 4183 987 4248 aemula
1009 4182 1150 4247 charitate
1166 4181 1341 4263 remandet.

286 4345 320 4412 P.
342 4347 404 4411 152
423 4370 470 4432 sq.
515 4344 661 4410 ‘Glossas
686 4365 766 4427 quae
785 4338 916 4407 Placido
939 4364 1006 4406 non
1030 4342 1256 4406 adscribuntur
1278 4341 1342 4404 nisi

198 4454 232 4518 in
254 4453 338 4518 libro
366 4451 560 4538 glossarum'
588 4450 771 4535 nuperrime
799 4449 967 4535 Augustus
986 4442 1219 4534 Deuerlingius
1250 4465 1340 4533 gym-
