3222 5122
661 337 904 401 -301-

212 495 271 559 Ille
295 495 380 558 enim
400 516 438 558 cx
457 516 519 578 quo
543 494 698 559 haustum
722 501 772 560 est
791 496 983 560 vocabulum
1000 496 1155 560 —fuisse
1175 500 1282 560 autem
1296 495 1358 560 Lu·

213 602 322 664 cilium
342 623 380 665 cx
395 599 571 665 Philoxeno
596 604 725 666 constat
742 639 779 646 -
807 601 876 685 ‘per
897 602 978 665 illud
1002 602 1104 667 voluit
1122 602 1271 689 intellegi
1291 623 1358 666 cor-

212 730 272 789 pus
296 706 495 772 humanum'.
533 707 618 771 Hinc
642 712 779 791 apparet
792 707 953 772 Lucilium
976 709 1009 772 in
1034 711 1144 772 satura
1166 710 1276 773 nescio
1296 731 1360 792 qua

213 835 328 897 corpus
353 813 529 878 humanum
554 836 627 878 cum
649 815 741 878 nucis
765 814 928 899 iuglandis
951 814 1107 879 viridibus
1138 815 1359 898 putaminibus

113 967 116 974 ·
213 942 432 1003 comparasse,
469 920 517 984 ita
553 926 591 984 ut
621 943 689 985 non
721 922 790 984 sine
822 920 1054 1003 probabilitate
1088 920 1233 985 conicere
1265 921 1359 985 nobis

213 1027 379 1090 videamur
402 1027 544 1092 animam
568 1027 696 1110 corpori
718 1027 861 1092 humano
885 1027 1018 1091 insitam
1038 1049 1058 1090 a
1075 1030 1173 1111 poeta
1192 1048 1265 1093 cum
1288 1026 1360 1108 ipsa

209 1133 272 1197 'illa
299 1154 334 1196 rc
362 1154 442 1216 quac
470 1133 506 1195 in
531 1155 611 1196 nuce
639 1135 736 1218 inest,
767 1157 840 1198 cum
869 1134 982 1198 nucleo
1010 1134 1044 1198 ni
1066 1134 1177 1216 fallor,
1206 1133 1359 1197 collatam
1404 1181 1408 1186 -

214 1260 291 1302 esse.
329 1237 432 1313 Quam
455 1237 620 1319 praeclare
644 1241 752 1302 autem
776 1239 953 1304 eiusmodi
977 1241 1178 1322 comparatio
1198 1240 1237 1303 ad
1256 1238 1360 1303 Lucili

213 1367 307 1434 usum
330 1327 423 1408 illum
447 1343 583 1426 quadrat
603 1345 842 1428 suavissimum,
867 1347 1022 1429 exemplis
1041 1368 1058 1410 e
1077 1347 1145 1411 vita
1167 1345 1309 1410 humana
1327 1348 1360 1409 et

213 1471 320 1514 rerum
343 1453 461 1515 natura
481 1450 680 1532 depromptis
700 1453 876 1516 sententias
897 1452 1091 1544 explanandi
1110 1456 1142 1516 et
1160 1452 1360 1516 illustrandi!

212 1557 295 1621 Illuc
314 1560 463 1640 spectant
479 1557 569 1620 velut
587 1555 666 1620 haec
686 1555 883 1643 fragmenta,
903 1560 1018 1643 quibus
1038 1581 1120 1643 quae
1140 1558 1213 1622 addi
1232 1559 1360 1641 possint
1387 1536 1406 1561 ⁸
1442 1600 1445 1610 ‹

214 1667 340 1729 restant
363 1686 429 1728 non
452 1685 564 1747 pauca.

257 1768 315 1853 Ill,
334 1770 422 1853 4sq.:
446 1768 607 1852 Viamquc
631 1769 837 1854 degrumabis
869 1772 926 1836 uti
955 1772 1096 1836 castris
1125 1794 1277 1837 mensor
1304 1771 1360 1835 fa·

515 1876 571 1939 cit
594 1875 701 1940 olim.

258 1980 316 2064 III,
334 1982 445 2065 34sq.:
469 1979 571 2045 Porro
590 1980 738 2046 homines
757 2005 908 2066 nequam,
930 1984 1052 2047 malus
1077 1988 1117 2046 ut
1140 1982 1358 2067 quartariu'

516 2089 649 2172 cippos
673 2090 819 2154 collisere
844 2112 955 2155 omnes

257 2194 329 2279 XV,
350 2197 459 2278 lsqq.:
484 2193 533 2258 Ut
564 2195 674 2277 puori
706 2195 877 2260 infantes
906 2197 1065 2261 credunt
1094 2198 1205 2282 signa
1232 2197 1359 2261 omnia

516 2301 636 2366 ahena
664 2303 795 2366 vivere
824 2307 861 2367 et
890 2325 973 2366 esse
1000 2303 1187 2367 homines:
1215 2302 1262 2367 sic
1285 2303 1359 2367 istic

515 2408 624 2472 omnia
653 2408 728 2472 ficta
756 2431 832 2473 vera
854 2412 983 2493 putant,
1012 2410 1146 2474 credunt
1174 2409 1275 2494 signis
1305 2431 1362 2478 cor,
1396 2421 1397 2424 ’

515 2513 621 2578 inesse
645 2514 680 2578 in
703 2514 816 2579 ahenis
857 2559 859 2562 .

257 2620 343 2704 XIX,
362 2621 396 2685 5:
421 2618 470 2684 Ut
490 2620 599 2702 pueri
619 2621 789 2685 infantes
808 2622 960 2687 faciunt
978 2624 1249 2692 mulierculam
1269 2646 1359 2688 onu-

516 2731 616 2792 stam

257 2833 327 2918 XX,
347 2835 380 2899 5:
404 2834 474 2898 Iam
497 2835 716 2918 disrumpetur
745 2837 882 2920 medius,
910 2837 991 2920 ianr,
1021 2825 1225 2916 ut'Marsu'
1256 2837 1359 2900 colu·

515 2943 606 3006 bras
639 2942 847 3027 disrumpit
880 2947 1007 3027 cantu,
1039 2965 1155 3008 venas
1189 2965 1271 3007 cum
1299 2963 1360 3006 ex·

514 3049 686 3114 tenderit
710 3051 834 3114 omnis

257 3153 392 3237 XXVII,
413 3155 522 3238 18sq.:
547 3154 597 3219 Ut
620 3154 793 3220 mercede
817 3178 911 3240 quae
931 3158 1144 3221 conductae
1166 3157 1267 3221 flent
1291 3156 1360 3221 ali·

353 3241 356 3256 ’
517 3246 585 3325 eno
604 3262 643 3326 in
661 3263 795 3327 funere
813 3262 1026 3346 praeficae,
1049 3263 1152 3327 multo
1173 3265 1205 3326 ct
1224 3260 1359 3344 capillos

392 3351 397 3358 ⁵
516 3369 667 3434 scindunt
690 3372 723 3434 ct
746 3370 888 3435 clamant
911 3371 1016 3454 magis

234 3459 319 3541 inc.
340 3476 416 3539 107:
439 3473 489 3539 Ut
512 3477 616 3540 veles
640 3475 768 3561 bonu',
792 3477 852 3541 sub
877 3477 954 3542 vitai
978 3476 1032 3560 qui
1056 3476 1173 3541 subicit
1195 3476 1309 3541 hastas

257 3581 470 3666 inc.152sq.:
495 3581 613 3646 Velut
636 3583 759 3668 ollim,
783 3606 923 3667 auceps
946 3582 1014 3646 illc
1037 3582 1137 3646 facit
1160 3604 1232 3646 cum
1252 3582 1359 3666 inpro·
1492 3599 1500 3638 ἓ

515 3690 585 3754 viso
609 3690 799 3774 insidiisque

258 3900 406 3987 V11,143
431 3900 483 3967 Sic
506 3906 615 3968 movet
639 3925 675 3967 ac
699 3903 797 3968 simat
820 3925 916 3968 nares
939 3901 1146 3986 delphinus
1170 3905 1212 3966 ut
1235 3902 1327 3967 olim

258 4007 391 4092 V1‚12:
414 4008 562 4093 Nequam
593 4012 626 4074 et
655 4021 793 4095 magnus
826 4010 937 4092 homo,
969 4009 1163 4073 laniorum
1195 4007 1357 4074 inmani'

516 4138 630 4180 canes
658 4120 699 4181 ut

231 4317 238 4323 .
257 4222 313 4308 VI,
335 4223 444 4306 13sq.:
467 4221 543 4287 Uno
565 4223 658 4287 oculo
681 4182 1029 4307 pedibusqueduobus
1053 4200 1293 4286 dimidiateis
1318 4223 1359 4284 ut

285 4358 290 4368 ·
515 4349 654 4411 porcus

221 4467 224 4476 ·
257 4436 314 4521 IX,
334 4437 389 4500 77:
414 4433 582 4520 Scaberat,
605 4440 645 4500 ut
668 4458 806 4520 porcus
830 4435 1013 4501 contritis
1037 4434 1185 4501 arbori'
1210 4436 1331 4502 costis
