3222 5122
635 299 877 363 -319-

189 481 269 543 quos
293 459 400 542 ipsum
423 459 504 523 illud
528 479 578 523 ore
595 444 677 523 duro
687 457 711 544 ¹)
736 481 876 531 errorem
895 458 1047 523 dedocere
1071 459 1192 541 potnit:
1216 459 1331 523 melius

187 565 309 630 Paulus
328 615 335 630 .
351 615 358 630 .
373 564 392 629 .'
425 565 477 629 Ad
500 564 598 630 Gellii
621 570 731 631 autem
749 564 909 650 Noniique
929 565 1158 631 austeritatem
1178 565 1333 630 accedunt
1403 635 1407 642 ,

189 673 254 737 iam
278 673 462 758 glossarum
480 671 721 737 Lucilianarnm
743 673 951 738 bobinatorcs:
975 673 1180 737 inconstantes
1199 676 1232 736 ct
1255 671 1333 736 booi-
1414 725 1418 732 .

188 784 299 843 nator:
333 780 460 844 tricosus
491 784 520 843 et
549 780 727 844 inconstans
757 779 959 845 testimonia:
995 777 1076 844 haee
1109 778 1218 843 omnia
1248 776 1332 842 falsa

190 883 430 992 esseMuellcro
455 884 641 949 credemus?
668 884 811 950 Minime.
844 883 908 950 Sed
925 908 966 950 ne
981 883 1180 970 Scaligerum
1204 882 1333 968 quidem

190 994 369 1075 sequemur,
387 990 482 1055 Pauli
500 992 691 1056 memoriam
709 992 903 1081 reicientem.
934 992 1040 1058 Nobis
1060 993 1147 1057 enim
1166 990 1333 1074 utriusque

190 1097 438 1180 significationis
455 1135 493 1144 -
510 1099 710 1181 conviciandi,
728 1099 885 1163 clamandi
903 1103 936 1162 et
950 1099 1168 1181 terpiocrsandi
1185 1135 1222 1144 -
1239 1100 1334 1161 tanta
1427 1131 1428 1136 κ

190 1202 419 1268 dissimilitudo
444 1225 514 1268 esse
539 1203 679 1286 videtur,
705 1207 742 1267 ut
767 1204 884 1287 duplex
909 1203 1065 1268 memoria
1088 1203 1333 1274 conciliarius-

190 1314 295 1392 queat.
325 1307 420 1386 'Quod
440 1310 578 1404 cumlita
597 1310 653 1393 sit,
671 1310 777 1374 facere
795 1332 862 1374 non
879 1331 1050 1393 possumus
1070 1310 1148 1393 quin
1168 1309 1231 1376 duo
1253 1309 1332 1374 booi-

9 1465 10 1474 ,
105 1475 108 1482 ,
188 1417 288 1479 nandi
309 1417 414 1480 ‘verba
437 1415 600 1480 exstitisse
628 1420 777 1500 putemus
806 1416 1045 1482 diversissimae
1067 1417 1221 1482 notionis.
1258 1415 1334 1480 Ete-

187 1521 256 1584 nim
283 1544 323 1585 ne
346 1521 435 1586 Festi
464 1524 593 1607 quidem
620 1523 801 1588 bovinatnr:
830 1519 1053 1608 corroiciatarl)
1082 1522 1246 1606 singulare
1275 1527 1334 1607 est,

189 1649 260 1691 eum
284 1628 396 1692 eodem
421 1632 567 1712 spectent
589 1630 651 1694 hae
676 1630 818 1712 glossae:

481 1737 672 1800 booinnri:
696 1737 875 1814 convitiari,
898 1737 1032 1800 clamare

276 1839 509 1908 Placidi-glossa:
529 1839 562 1893 of.
578 1838 618 1892 ΙΙΙ
637 1857 663 1908 p.
675 1845 725 1893 437
746 1839 911 1908 (tombinori
929 1839 1100 1907 conticere);
1120 1839 1199 1893 codd.
1214 1840 1333 1895 Beruen-

277 1945 334 1981 sem
355 1933 387 1982 lo
406 1930 435 1981 et
453 1926 721 1997 Sangermunensem
741 1927 785 1980 Du
799 1923 889 1981 Rieuo'
905 1929 977 1980 teste
996 1927 1137 1996 (bobinare
1155 1931 1332 1999 conciciarc);

276 2015 335 2070 cod.
355 2015 522 2070 Vossianum
547 2015 606 2070 Oet.
627 2022 661 2070 24
688 2016 828 2083 (bobinare
850 2017 1023 2085 convitiarc);
1056 2017 1174 2086 Papiam
1193 2019 1334 2086 (bobinarc

276 2105 450 2174 conuician);
475 2103 652 2158 Vincentium
672 2105 825 2172 (bobinorc;
851 2121 904 2159 om.
924 2107 1099 2174 conciciarr);
1122 2105 1333 2177 Deuerlingium

275 2213 303 2264 p.
325 2200 366 2262 14,
382 2200 405 2248 t.

232 2271 730 2366 initiatores:'eopuoosoiot
753 2286 894 2364 θρύλλον
918 2291 1088 2351 ποιοῦντες
1111 2289 1130 2366 ἢ
1153 2289 1297 2366 ταραχήν

277 2389 446 2444 Philoxenus
465 2407 492 2458 p.
512 2396 555 2458 31,
570 2395 604 2443 26
626 2390 817 2458 (dominatores
836 2391 916 2458 cod).

188 2480 334 2546 Alterius
369 2485 479 2546 autem
514 2480 875 2565 significationis·quae
911 2484 961 2545 est
990 2483 1198 2573 ‘terpiocrsari
1229 2483 1334 2546 incon-

188 2592 318 2652 stantem
340 2609 402 2653 csse
425 2588 582 2671 exemplis
605 2610 725 2653 novum
748 2587 887 2654 fortasse
911 2588 984 2652 addi
1007 2592 1116 2671 potest
1138 2588 1213 2653 hoc:
1237 2589 1334 2654 boni-

188 2700 321 2759 natnr:
344 2684 516 2760 insidiator
539 2695 690 2778 glossarii
709 2693 892 2759 Salomonis
916 2695 938 2758 f.
955 2696 1055 2780 nera,
1079 2717 1275 2781 quamquam
1298 2692 1335 2760 ut
1403 2688 1406 2694 ’

190 2801 352 2885 singulare
371 2802 418 2865 ita
437 2803 516 2866 satis
537 2802 716 2866 dubitabile
739 2801 849 2866 huius.
860 2802 987 2885 glossae
1011 2803 1334 2888 interpretamentum

191 2905 281 2992 ess).
327 2908 416 2973 Duas
444 2908 504 2972 has
538 2929 633 2972 voces
662 2907 807 2971 diversae
836 2907 973 2990 originis
1002 2930 1072 2972 esse
1104 2931 1177 2974 cum
1209 2909 1336 2974 diversa

189 3014 374 3098 significent
405 3015 502 3080 facile
531 3018 581 3079 est
612 3017 798 3098 perspectu:
832 3013 999 3078 cuiusnam
1031 3037 1122 3099 vere,
1154 3038 1220 3081 non
1247 3017 1335 3081 item.

190 3120 224 3186 si
247 3122 324 3186 lieet
346 3122 607 3200 ἐτυμολογοῦντα
630 3120 752 3204 ludere,
775 3120 915 3184 bovinari
939 3151 980 3172 =
1005 3119 1170 3186 ‘clamare'
1194 3123 1335 3188 eiusdem

189 3228 306 3293 radicis
325 3228 407 3293 mihi
422 3228 633 3292 videturesse
653 3227 743 3292 cuius
763 3226 879 3310 tonare,
893 3226 992 3311 boare,
1006 3225 1090 3292 bocrc
1104 3259 1146 3280 =
1162 3227 1335 3293 ‘clamare'.

189 3338 238 3402 De
270 3338 460 3404 bovinatore
493 3337 548 3421 qui
581 3340 630 3401 est
660 3335 918 3419 tergiversator,
951 3335 1154 3417 inconstans,
1185 3333 1336 3401 tricosus'

190 3445 443 3510 commendabile
462 3445 545 3510 nihil
564 3445 642 3508 scio,
670 3442 833 3528 Scaligero
849 3466 869 3507 a
883 3444 952 3509 boae
970 3443 1018 3506 ita
1037 3444 1207 3508 videbatur
1231 3443 1334 3507 dictus

190 3575 274 3636 esse,
296 3555 334 3617 ut
357 3552 497 3616 boninari
520 3549 586 3636 (vel
604 3552 761 3616 booinnrc:
785 3551 892 3634 ipsum
916 3551 1002 3614 enim
1026 3551 1160 3614 verbum
1169 3528 1248 3613 „non
1270 3553 1336 3613 tra-

182 3658 293 3722 ditum
318 3656 380 3743 est)
403 3658 532 3742 proprie
557 3658 756 3741 significaret
779 3656 825 3720 ‘in
849 3657 970 3721 arando
992 3654 1154 3740 strigare',
1177 3657 1336 3720 translate

266 3887 285 3955 ¹)
308 3903 354 3940 ore
371 3885 499 3954 inprobn’
518 3886 588 3940 olnro
606 3886 693 3941 verba
714 3885 751 3938 ad
773 3883 982 3939 diiudicandam
1005 3883 1081 3940 vocis
1104 3883 1336 3954 significationem

131 3985 136 3996 '
191 3974 263 4030 nihil
290 3974 405 4030 faciunt.
448 3975 550 4041 Quidni
577 3974 651 4030 enim
678 3973 887 4043 tergiversatori
913 3973 1017 4028 tricoso
1046 3974 1088 4027 ‘os
1111 3973 1222 4028 durum'
1251 3973 1337 4027 tribui

192 4066 305 4132 potest?

266 4153 286 4222 ²)
314 4152 377 4206 Non
404 4152 579 4208 scribendum
607 4154 650 4208 est
677 4153 840 4207 bovinators
867 4153 1034 4224 concinnior
1062 4169 1125 4206 cum
1150 4152 1181 4208 L.
1201 4152 1336 4207 Muellero

191 4242 210 4296 l.
229 4261 249 4296 s.
270 4261 304 4311 s.,
323 4242 455 4311 quoniam
473 4243 604 4297 Placidus
624 4241 777 4299 ‘bovinari'
798 4241 916 4295 formam
935 4243 1062 4296 testatur.

265 4331 285 4400 3)
310 4331 467 4386 Coniecerit
487 4331 606 4386 fumasse
625 4330 766 4400 quispiam
783 4331 936 4385 insidiator
955 4346 970 4383 e
989 4319 1158 4384 convitiatur
1176 4331 1337 4400 corruptum

192 4438 266 4490 csse,
286 4437 357 4490 quae
376 4421 536 4476 coniectura
554 4420 711 4475 litterarum
730 4417 912 4476 similitudine
931 4435 986 4472 non
1005 4419 1223 4476 commendetur.
