3232 5122
700 278 944 341 -200-

253 440 290 501 ut
313 437 513 522 significetur
535 438 609 500 acio
631 437 825 502 vocabulum
844 459 913 502 esse
933 439 1083 502 neutrum
1102 436 1238 520 pluralis
1258 437 1399 520 numeri3
1449 435 1452 444 ’

254 543 305 608 vel
330 543 402 628 lege
424 545 498 607 ocia
518 542 664 608 locoram’
690 543 836 609 refutant
860 541 1008 627 Calepini
1032 542 1112 607 haec
1135 543 1246 606 verba:
1270 541 1397 608 ‘Auia-

253 652 364 735 rium,
383 650 473 714 locus
490 649 665 734 syluesler,
685 651 754 716 sine
773 651 835 716 uia.
850 649 964 716 Serui:
983 651 1123 716 Aaiurio
1136 654 1248 715 secreta
1263 669 1399 735 namma,

255 779 313 846 qao
329 778 402 822 aues
417 758 622 838 frequentant.
652 757 821 842 Verg..lib.
836 758 857 821 2
877 756 985 822 Goon:
1008 757 1196 841 Sanqaiaeis
1213 757 1331 826 imula
1348 778 1400 822 ru-

254 865 323 930 beni
341 864 473 929 naaria
495 861 601 928 barem
635 847 874 928 Ibem'lluiaria
897 864 1049 929 dicuntur
1072 865 1157 947 loca,
1180 864 1237 929 ubi
1258 867 1401 947 pennata

252 970 442 1035 nutriuntur
465 970 518 1034 nel
543 970 735 1035 clauduntur
758 969 810 1034 nel
834 971 1075 1054 custodiuntur‚·
1102 971 1154 1036 vel
1178 993 1241 1056 quo
1265 993 1299 1036 se
1322 950 1399 1036 aves

254 1077 429 1161 recipiunt,
461 1080 494 1142 et
525 1076 665 1152 columbi
693 1081 725 1140 et
753 1098 915 1161 passeres:
948 1078 1032 1142 siout
1065 1076 1191 1160 apiaria
1217 1098 1280 1160 quo
1309 1098 1400 1162 apes3

255 1204 368 1268 graece
397 1183 588 1248 ornithonas
616 1186 784 1266 uocanbur,
828 1180 897 1248 Col.
920 1183 976 1248 lib.
999 1183 1036 1247 9:
1075 1182 1159 1262 Quae
1180 1203 1238 1247 aas
1258 1184 1401 1248 similiter

187 1309 189 1314 ’
254 1291 446 1373 adpellamas
464 1310 559 1370 wara
577 1290 703 1373 rabilia,
726 1291 870 1372 apaan·
892 1291 942 1356 ael
964 1291 1109 1372 analium
1126 1291 1301 1373 calceorum,
1322 1309 1401 1372 qaae

254 1399 372 1489 stagnis
393 1396 772 1480 praenunciabatur,
799 1396 944 1476 auraria:
975 1397 1024 1460 uel
1052 1396 1148 1459 eliam·
1166 1396 1320 1476 pmadrrm
1341 1397 1401 1478 syl-

255 1503 404 1568 uesiriom
422 1521 480 1590 que
499 1503 672 1567 amoribus
690 1503 804 1567 clausis
818 1502 1044 1595 custodiantur,
1062 1502 1200 1566 uinaria.
1230 1502 1300 1568 Hoc
1313 1505 1401 1568 modo

254 1611 417 1674 cumrerum
439 1613 468 1672 et
488 1609 633 1674 maianus
655 1609 694 1674 ab
716 1609 827 1674 auibus
850 1607 944 1673 saal'.
1166 1600 1168 1606 ’
1340 1615 1343 1619 “

344 1714 546 1780 Onomasiici
569 1714 657 1779 9652
685 1713 803 1799 glossis
835 1736 851 1778 e
879 1714 985 1780 medio
1014 1715 1154 1802 'sublabis
1183 1715 1293 1781 omnia
1320 1739 1402 1802 quae

254 1823 317 1887 hoo
345 1821 506 1908 glossario
534 1821 682 1884 nituntur
713 1843 798 1885 vana
822 1843 859 1885 ac
881 1821 1010 1886 novicia
1033 1825 1116 1887 suna
1163 1822 1402 1909 Velutgraeoa

255 1928 414 1996 vocabula
441 1949 523 2013 quae
551 1915 651 1992 solius
680 1927 874 1994 onomasiici
904 1928 1092 1994 testimonio
1115 1928 1268 1995 debemus
1293 1953 1310 1996 e
1333 1931 1401 1996 ihe-

151 2059 156 2066 ·
257 2036 361 2102 sauris
393 2035 525 2120 linguae
558 2043 692 2118 graecae
727 2034 922 2099 removenda
954 2039 1044 2099 suni:
1078 2058 1148 2102 esse
1181 2041 1290 2102 auiam
1321 2038 1404 2102 talia
1500 2109 1503 2114 Δ

256 2143 292 2207 in
328 2141 479 2207 omnibus
512 2142 625 2207 lexicis
658 2141 763 2206 mulia
794 2141 822 2205 si
855 2141 1034 2207 accuratius
1067 2143 1273 2227 inquisiveris
1307 2144 1403 2209 facile

179 2267 183 2274 ’
258 2270 436 2335 cognosces
445 2245 478 2335 ¹).
504 2248 645 2333 Largam
664 2248 750 2312 enim
768 2248 897 2313 illarum
911 2269 1013 2332 paene
1030 2250 1139 2314 10000
1153 2250 1337 2334 glossarum
1352 2273 1404 2315 co·

215 2379 218 2388 ·
259 2357 346 2440 piam
361 2355 411 2420 bis
426 2356 460 2420 in
474 2354 636 2440 glossaria
649 2354 772 2438 recepit
786 2353 964 2436 Labbasus,
983 2377 1119 2440 quorum
1134 2379 1151 2420 c
1166 2359 1258 2439 parte
1274 2377 1403 2441 gruem·

256 2463 360 2529 latina
377 2484 472 2528 voces
495 2462 531 2526 in
550 2483 686 2546 graecae
709 2462 839 2547 linguae
863 2462 1034 2528 thesauros
1054 2465 1277 2529 manaverunt.
1309 2463 1404 2527 Prae-

257 2573 348 2634 lerea
375 2572 484 2634 autem
513 2569 575 2634 viri
603 2569 690 2634 docti
721 2591 787 2634 non
819 2565 947 2654 pannii)
976 2570 1176 2635 Onomasbioi
1204 2569 1325 2654 glossis
1353 2569 1404 2633 usi

258 2681 335 2742 sunt
356 2713 393 2722 -
416 2698 480 2761 qua
502 2674 536 2739 in
558 2699 593 2740 re
617 2677 684 2740 fere
708 2699 871 2761 sempera
893 2677 1046 2742 Labbaeo
1070 2678 1247 2741 hauserunt
1265 2713 1314 2760 —-‚
1337 2676 1405 2740 sive

257 2785 291 2848 in
324 2805 359 2848 re
391 2783 502 2849 critica
534 2783 713 2848 fact'ianda
745 2784 812 2848 sive
841 2784 875 2847 in
907 2783 1151 2869 quaestionibus
1182 2783 1405 2867 grammaticis

258 2889 566 2976 lexicographicisve
588 2890 726 2954 materia
748 2890 980 2975 glossematioa
1003 2890 1237 2955 substruendis:
1262 2912 1316 2954 eos
1338 2913 1406 2954 non

259 2999 324 3062 iam
356 3001 435 3081 pulo
468 2997 530 3062 hoc
562 3019 601 3061 ex
633 2995 723 3062 fonie
750 2997 924 3081 hausuros3
957 2997 1189 3063 Onomasticon
1219 2996 1303 3062 enim
1330 2997 1405 3064 fons

263 3126 333 3170 esse
356 3103 460 3168 desiit.

260 3283 290 3346 3.
323 3282 376 3347 De
399 3281 617 3348 minoribus
640 3304 714 3347 non
738 3281 860 3347 nullis
885 3281 1095 3365 glossariis
1122 3282 1405 3366 labinograccis

581 3383 822 3474 aliorumque
845 3389 1087 3473 fragmentis.

350 3532 374 3596 l.
411 3530 547 3597 Glossae
576 3530 701 3622 Servii
733 3517 978 3617 grammatici
1012 3527 1249 3617 appellantur³)
1283 3534 1406 3614 septem

263 3647 475 3654 ...----.-

336 3689 356 3757 ¹)
377 3687 422 3744 Sic
441 3708 457 3742 ν
476 3690 505 3744 eb
523 3707 539 3744 o
558 3690 717 3745 litterarum
730 3690 837 3744 formae
852 3706 885 3744 ac
898 3690 1038 3745 vocabula
1055 3690 1124 3745 haec
1139 3706 1154 3743 c
1167 3689 1264 3760 lexicis
1283 3687 1408 3744 eiciendo

262 3780 339 3846 sunl,
365 3779 465 3847 utpote
493 3778 553 3832 sola
576 3777 747 3832 Onomasbici
774 3777 943 3832 auctoribaie
970 3777 1102 3832 nitentia:
1129 3777 1222 3831 νεατί(
1246 3779 1407 3845 νεφελώδηε
1469 3821 1485 3844 ,

261 3867 360 3936 recolor
373 3868 552 3934 νηπιαχώδη(
569 3869 747 3935 νηττοφὺλαξ
765 3872 877 3933 νηχεῖον
895 3868 1022 3935 νικήτρια
1039 3867 1199 3934 νιφοψυχήε
1216 3867 1408 3933 sonituram<

260 3957 447 4024 vorrolaurlc
465 3957 645 4025 οἰκοτριβικό(
664 3955 861 4024 οἰωνοπόληει(
879 3955 1047 4011 οἰωνοπολία
1066 3954 1166 4022 anullo
1180 3955 1328 4024 ὁμαλίετρα
1341 3958 1408 4025 ὁμα-

185 4073 187 4078 ·
261 4047 319 4100 low
348 4046 488 4115 ὁμοροφία
517 4047 670 4114 ὁμοχώριοε
698 4044 789 4112 ὀνίεκη
818 4046 1038 4113 ὁπιεθοκέφαλον
1071 4031 1221 4112 ὀρεοπόλοε
1253 4041 1408 4112 ὀρεειγενή(

185 4162 196 4186 .
262 4135 423 4202 ὁρθόγωνοε
441 4135 566 4203 ὁρκωτὸ(
589 4134 758 4202 ὀρυγμάτων
781 4135 884 4189 aanor
907 4134 1082 4200 ὁετοδοχεῑον
1105 4133 1250 4199 ὁετολογία
1273 4131 1406 4202 οὐρηεείω

265 4224 438 4290 ὸχηματικόε.
1283 4215 1285 4220 ’

337 4310 356 4380 ’)
375 4311 497 4388 Nomina
515 4311 605 4365 mulla
623 4310 721 4366 afferre
739 4327 864 4380 possum:
884 4310 933 4366 ssd
952 4309 996 4365 cui
1014 4311 1106 4388 bono?

338 4398 357 4470 ³)
377 4398 645 4457 Concedendumesl
661 4399 771 4456 sanein
786 4399 927 4456 codicibus
946 4399 1017 4456 nihil
1036 4389 1172 4457 subscribi
1190 4399 1278 4456 solere
1296 4401 1408 4472 praelat
