3222 5122
699 229 740 326 -’
786 279 851 343 aas
899 314 939 325 -

338 439 517 504 Exordium
554 438 693 523 petimus
725 461 790 503 non
823 461 842 502 a
873 414 964 503 Festi
994 437 1134 503 Noniive
1166 437 1324 522 ἀναλογίᾳ
1352 473 1393 484 -

250 569 445 632 quamquam
465 549 514 610 est
533 567 610 610 sane
628 544 785 622 ἀναλογία
804 537 938 610 minime
957 545 1148 630 spernenda,
1172 545 1256 629 quod
1278 545 1395 610 horum
1481 585 1483 590 ν

249 653 549 740 grammaticorum,
579 653 647 716 sive
668 652 926 738 glossographos
951 653 1115 737 appellare
1138 653 1304 737 malueris,
1328 634 1395 717 cor·

249 783 329 844 pora
352 783 424 826 cum
448 761 617 846 glossariis
641 781 760 846 magna
784 783 822 824 ex
846 763 938 844 parte
965 760 1102 844 quodam
1127 761 1222 826 modo
1247 763 1395 844 cognata,

250 865 418 931 Luciliana
437 867 590 932 exhibent
613 867 774 951 permulta
791 904 847 950 -‚
871 866 926 930 sed
950 867 1024 931 inde
1048 867 1134 952 quod
1157 851 1333 931 etiamnum
1357 866 1395 929 in

250 974 398 1058 glossis
422 972 596 1037 Lucilius
620 973 849 1038 nominatim
879 974 1081 1040 excitatur.
1126 974 1189 1038 Vel
1211 973 1288 1038 hino
1311 973 1396 1038 enim

251 1080 432 1146 sententiae
455 1084 587 1144 nostrae
611 1078 749 1144 multum
777 1081 1020 1163 probabilitatis
1049 1081 1202 1145 nascitur.
1248 1078 1396 1165 Namque

252 1188 280 1250 si
308 1190 374 1250 tres
402 1187 453 1251 vel
482 1189 637 1271 quattuor
665 1186 733 1250 eius
761 1187 849 1280 modi
877 1186 1005 1272 glossas
1034 1189 1159 1252 exstare
1188 1189 1310 1251 certum
1338 1191 1397 1271 est,
1455 1199 1458 1206 ’

237 1294 328 1378 ,ααίἀ
357 1293 493 1378 impedit
521 1293 692 1377 quominus
722 1292 794 1357 aliis
823 1315 949 1378 quoque
977 1295 1070 1378 locis,
1103 1294 1159 1358 uhi
1186 1294 1286 1358 fontis
1315 1295 1396 1358 indi·

253 1399 342 1464 culus
368 1400 409 1464 ob
432 1399 639 1464 librariorum
667 1401 825 1464 incuriam
853 1401 903 1464 vel
935 1401 1003 1464 eius
1032 1401 1086 1485 qui
1114 1401 1241 1485 glossas
1265 1401 1397 1486 collegit

249 1506 493 1591 neglegentiam
516 1506 694 1590 intercidit,
716 1507 837 1590 pariles
861 1507 1028 1592 relliquias
1051 1545 1089 1552 -
1111 1508 1299 1572 obscurabas
1321 1511 1397 1572 'sane

253 1614 410 1677 —latere
430 1613 639 1676 censeamus?
670 1613 719 1678 Ac
738 1615 879 1699 quinque
904 1614 1033 1698 quidem
1056 1612 1136 1678 locis
1151 1613 1256 1678 Lucili
1279 1636 1398 1678 nomen

250 1721 406 1784 traditum
434 1719 541 1804 legere
569 1741 620 1783 me
648 1721 788 1784 memini.
836 1720 907 1797 Quo
936 1743 973 1783 ex
1003 1741 1137 1785 numero
1161 1743 1260 1786 uuum
1285 1722 1397 1786 statim

252 1827 503 1912 segregabimus.
556 1825 595 1888 ln
628 1827 786 1910 excerptis
820 1827 905 1892 enim
938 1827 1126 1893 Pithncauis
1158 1851 1189 1910 p.
1213 1827 1255 1892 69
1291 1830 1397 1894 uouit:

250 1939 356 1998 noceat
382 1933 516 1998 Lucili.
546 1933 668 1997 editum
699 1938 757 1998 est.
804 1934 951 2019 Respicit
983 1935 1094 2020 glossa
1121 1935 1161 1999 ad
1191 1956 1319 1999 versum
1348 1931 1398 2000 ‘eir

251 2041 345 2106 libris
378 2039 523 2104 incertis'
556 2041 924 2126 undequadragesimum
958 2039 1067 2127 (frgm.
1092 2041 1169 2105 XIV
1199 2064 1229 2126 p.
1256 2043 1318 2106 136
1351 2043 1398 2108 ed.

251 2146 387 2233 Muell.):
411 2148 524 2230 icquar
542 2170 580 2212 uc
598 2150 721 2232 cantat,
739 2149 889 2232 papulae,
909 2154 1006 2232 tauro,
1025 2170 1063 2214 ue
1081 2150 1156 2236 bova
1178 2149 1273 2214 scoait.
1307 2148 1400 2225 Quod

253 2255 510 2319 additamentum
520 2253 544 2341 1)
581 2277 646 2319 non
683 2255 796 2321 dubito
817 2256 910 2340 *quin
947 2279 966 2320 a
999 2254 1154 2340 Scaligcri
1191 2278 1289 2320 manu
1326 2279 1398 2340 pro-

251 2362 372 2426 fectum
404 2361 438 2425 in
470 2360 651 2426 Pithoeana
682 2363 875 2444 pervenerit.
924 2361 963 2425 In
991 2363 1180 2447 apographo
1210 2362 1295 2426 enim
1318 2363 1398 2428 Bur-

252 2465 459 2554 manniauoi)
493 2465 628 2532 ‘Lucili'
661 2468 773 2531 eodem
806 2469 901 2533 modo
936 2468 1133 2552 adscriptum
1162 2473 1211 2533 est
1243 2491 1306 2554 quo
1334 2493 1399 2535 non

235 2575 360 2638 nullae
376 2574 459 2638 aliae
480 2573 659 2639 ‘doctorum
674 2573 854 2658 phoenicis'
874 2575 1170 2640 adnotatiunculae:
1188 2598 1288 2660 parvo
1305 2577 1399 2641 nimi-

252 2703 325 2772 rum·
347 2681 516 2746 interiecto
540 2681 727 2763 intervallo,
750 2683 896 2765 quamvis
918 2681 1038 2747 Snota
1061 2682 1250 2767 plerumque
1269 2683 1399 2768 adpicta

252 2788 314 2852 hoc
342 2788 412 2852 loco
442 2788 533 2852 desit.
579 2787 693 2872 Itaque
716 2792 754 2852 ut
779 2789 844 2852 iam
868 2789 1035 2860 mittamus
1063 2789 1144 2854 illud
1168 2791 1400 2875 testiinonium,

254 2896 407 2979 quattuor
429 2898 567 2979 restant,
599 2917 681 2978 quae
705 2917 742 2960 ex
766 2896 896 2981 egregio
921 2895 1113 2960 ‘Philoxeni'
1137 2897 1297 2982 glossario
1320 2897 1399 2962 hau·

253 3002 382 3068 ricinus.
429 3001 499 3078 Qua
527 3002 561 3066 in
589 3023 623 3065 re
653 3004 782 3086 praeter
806 2999 964 3085 Stephani
987 3001 1201 3086 Vulcaniiquc
1225 3003 1399 3068 editionem

254 3108 334 3196 (uon
366 3107 554 3194 editiones),
593 3109 751 3195 Scaligcri
785 3132 802 3173 c
831 3108 979 3174 Parisino
1010 3107 1093 3172 7651
1128 3112 1291 3194 excerpta,
1323 3111 1399 3175 scri·

205 3222 207 3226 '
254 3211 366 3300 pturas
407 3238 444 3281 ex
480 3216 591 3279 eodem
628 3216 718 3280 fonte
753 3239 773 3280 a
804 3214 968 3279 Friderico
1007 3213 1118 3279 Osann
1157 3221 1399 3302 programmate

255 3323 403 3387 Gissensi
418 3345 444 3386 a.
463 3321 547 3387 1826
567 3321 685 3405 editas,
704 3343 840 3405 quorum
860 3322 1004 3386 omnium
1022 3322 1253 3387 adnotamenta
1267 3324 1399 3390 minime

255 3431 340 3494 inter
369 3446 402 3494 se
431 3428 651 3512 consentiunt,
680 3431 811 3512 praesto
841 3427 922 3492 mihi
949 3428 1038 3492 fuere
1062 3451 1144 3513 quae
1168 3452 1206 3493 ex
1229 3431 1324 3496 unico
1349 3454 1399 3496 co·

255 3537 324 3601 dice
346 3537 451 3620 petita
470 3535 630 3600 Aemilius
653 3535 818 3629 Baehrens
841 3535 1146 3600 benevolentissime
1170 3559 1294 3602 mecum
1315 3561 1399 3604 com·

255 3643 443 3708 municavit.
816 3699 821 3706 ,

343 3749 368 3815 I.
401 3751 597 3816 Philoxenus
626 3774 656 3835 p.
683 3750 737 3834 19,
758 3749 817 3814 45:
850 3751 1010 3832 aquilum:
1044 3751 1157 3829 μέλαν,
1191 3750 1235 3816 ὡ(
1268 3747 1399 3846 Aborit-

256 3863 324 3924 λιο(
348 3889 390 3912 =
414 3859 474 3924 inc.
497 3859 593 3942 frgm.
617 3855 753 3920 LXXIX
776 3855 939 3941 Muelleri,
969 3857 1023 3921 ubi
1053 3859 1152 3935 μέλαν
1175 3859 1328 3924 mendum
1352 3865 1401 3926 cst
1520 3877 1528 3890 ·

255 3964 461 4030 tralaticium.
513 3963 594 4030 Cum
627 3965 713 4028 enim
747 3963 896 4029 Osannus
930 3967 962 4028 ct
993 3963 1210 4030 Baehrensius
1243 3988 1260 4030 e
1293 3967 1400 4032 codice

256 4129 468 4136 -.-—---.-.--.⁴.--.

331 4231 350 4298 ¹)
378 4229 470 4284 Codex
492 4227 541 4282 ille
564 4227 715 4282 Vossianus
739 4229 851 4284 Oehleri
874 4229 891 4284 l.
913 4247 933 4284 s.
953 4248 974 4283 s.
998 4247 1024 4298 p.
1041 4235 1092 4284 247
1117 4228 1187 4284 nihil
1211 4229 1325 4285 exhibet
1347 4230 1402 4285 nisi

257 4321 354 4374 noxit:
375 4324 477 4374 noceat.
718 4399 721 4406 Ι
1167 4341 1170 4346 ’

331 4407 350 4474 ²)
369 4406 409 4463 Cf.
429 4423 514 4477 supra
531 4425 559 4476 p.
577 4411 610 4461 38
618 4423 680 4476 sqq.
