3192 5126
744 329 898 393 -404
944 365 985 374 -

329 541 336 556 .
447 493 579 554 dicimus
602 487 685 574 (cod.
708 488 888 554 Vossianus
912 487 981 552 Fol.
1002 487 1057 571 823
1092 485 1160 551 cod.
1185 485 1442 570 Amplonianus²

447 599 530 663 ineu.
553 620 584 682 p.
603 598 677 680 347,
692 597 801 680 orsos:
825 595 951 678 ariaco,
975 616 1037 658 om.
1060 591 1146 678 ara)
1268 577 1273 584 '

290 719 482 786 Simillimus
505 724 594 788 locus
619 721 704 806 apud
722 719 867 785 Nonium
885 741 916 802 p.
935 717 1023 802 625
1047 720 1168 781 exstat:
1193 716 1341 783 ‘lixarum
1364 741 1443 803 pro-

285 828 408 911 prietas
442 829 523 894 haec
551 833 613 912 est,
646 827 732 912 quod
760 825 903 891 officium
921 824 1116 889 'sustineant
1144 823 1303 889 militibus
1333 848 1440 909 aquae

288 933 465 1018 vehendam
497 935 616 1000 lixam
649 955 806 1018 namque
840 955 977 1016 aquam
1006 934 1158 996 veteres
1186 937 1440 1018 vocaverunt:

286 1041 383 1104 unde
411 1041 554 1106 elixum
582 1041 745 1105 dicimus
774 1061 859 1123 aqua
886 1037 1035 1128 coetum',
1064 1059 1203 1122 quocum
1233 1038 1272 1102 cf.
1292 1040 1439 1103 eiusdem

287 1169 318 1228 p.
337 1133 460 1230 48,1'7:
485 1147 617 1212 ‘elixum
642 1147 792 1232 quioquid
816 1168 854 1210 cx
878 1167 963 1229 aqua
987 1146 1133 1210 mollitur
1156 1146 1207 1209 vel
1232 1145 1440 1230 decoquitur3

285 1275 361 1316 nam
385 1255 483 1318 linem
507 1277 623 1339 aquam
646 1258 772 1320 ueteres
801 1253 965 1317 dixerunt:
994 1252 1077 1317 unde
1101 1257 1133 1316 et
1156 1251 1241 1316 lixae
1270 1231 1349 1316 dicti
1380 1254 1439 1337 qui

287 1359 445 1423 militibus
464 1383 581 1444 aquam
601 1359 642 1424 ad
661 1363 768 1424 castra
788 1359 839 1422 vel
860 1358 900 1422 ad
918 1359 1061 1422 tentoria
1083 1358 1189 1422 solent
1206 1357 1311 1422 ferre?
1344 1357 1439 1423 Duce

285 1465 348 1529 hoo
374 1466 461 1545 loco,
491 1468 548 1532 ubi
571 1489 682 1533 omnes
706 1466 831 1530 codices
860 1467 964 1549 licem,
993 1464 1219 1540 Quioheratius
1247 1465 1341 1528 illum
1365 1488 1438 1530 eor-

286 1572 383 1654 rexit,
406 1574 464 1637 ubi
486 1597 552 1639 non
575 1574 681 1638 minus
706 1576 857 1637 constans
882 1571 980 1636 liram
1003 1570 1160 1634 librorum
1184 1572 1354 1636 memoria:
1379 1573 1435 1636 de·

277 1665 386 1742 bebat
408 1680 516 1762 potius
540 1680 587 1745 ibi
611 1700 736 1764 quoque
760 1679 858 1752 libam
880 1678 1060 1742 restituere.
1103 1675 1254 1742 Ceterum
1279 1680 1335 1763 qui
1358 1702 1437 1744 con-

285 1784 397 1849 iecerit
429 1786 556 1870 glossas
588 1789 717 1850 nostras
750 1807 789 1849 ex
816 1785 925 1850 Nonio
952 1785 1073 1869 petitas
1088 1792 1090 1796 ’
1104 1805 1187 1867 esse,
1219 1787 1313 1851 nobis
1345 1791 1436 1850 certe

286 1892 505 1957 coniecturam
537 1914 603 1956 non
630 1892 792 1974 probabit.
842 1891 888 1956 Ut
916 1891 1001 1955 enim
1030 1891 1160 1954 mittam
1189 1891 1275 1974 quod
1302 1891 1436 1958 Nonius

285 1998 335 2062 bis
366 1997 534 2062 ‘veterum'
563 1997 761 2062 mentionem
788 1997 880 2080 facit,
911 1997 1039 2081 glossae
1064 2000 1176 2061 contra
1200 2019 1310 2084 omnes
1336 1998 1437 2064 ‘anti-

286 2104 450 2188 quorum',
479 2105 538 2171 illa
564 2105 598 2169 ni
626 2102 724 2168 fallor
750 2126 816 2168 non
843 2104 924 2167 levis
953 2103 1181 2187 discrepantia,
1213 2105 1298 2188 quod
1332 2105 1385 2170 hio
1416 2131 1438 2170 a

286 2211 353 2274 lixa
377 2211 542 2275 derivatur
565 2209 709 2274 ‘elixum'
733 2209 941 2294 adiectivum,
970 2210 1039 2275 illic
1062 2213 1171 2273 autem
1197 2210 1340 2275 ‘elixare'
1363 2211 1437 2276 ve'r-

287 2318 373 2382 bum.
419 2319 567 2403 Denique
586 2318 777 2402 glossarum
801 2317 976 2382 memoriae
1003 2320 1040 2380 ut
1068 2316 1258 2381 mantissam
1285 2355 1322 2364 -
1349 2341 1436 2402 quae

286 2430 397 2489 tamen
420 2423 556 2488 obsonia
580 2444 646 2486 non
669 2423 829 2488 vineit-
849 2423 996 2486 addimus
1020 2423 1138 2487 codicis
1161 2422 1329 2488 Leidensis
1353 2426 1395 2489 67
1402 2425 1435 2490 E

285 2529 306 2594 f.
327 2530 413 2594 36¹1>
437 2551 632 2612 synonyma:
657 2530 754 2594 latix:
777 2551 873 2614 aqua,
898 2531 1008 2614 limpor,
1032 2531 1124 2614 liora,
1147 2531 1242 2594 maio.
1330 2513 1333 2517 ⁴
1401 2618 1405 2622 ⁵

331 2655 567 2727 Nomeuclotor:
591 2654 627 2718 id
652 2658 696 2717 est
717 2656 879 2719 nominum
901 2655 1034 2731 coloten
1065 2655 1167 2718 calore
1189 2656 1271 2719 enim
1293 2658 1438 2723 dicebaut

445 2759 595 2840 antiqui
608 2759 743 2822 clamore
756 2757 839 2842 (cod.
849 2757 1101 2843 Amplonianus2
1110 2761 1192 2824 ined.
1201 2784 1233 2844 p.
1241 2763 1315 2842 355,
1322 2766 1436 2849 32s33:

348 2901 349 2905 =
445 2867 474 2930 o'·
495 2866 654 2930 nominum
676 2886 699 2929 c.
723 2865 804 2930 olore
826 2887 849 2930 e.
872 2868 986 2932 dicitur
1011 2868 1145 2952 anubab
1169 2869 1237 2933 cod.
1261 2869 1435 2938 Leidensis

445 2972 519 3036 om*
542 2973 564 3036 f.
588 2972 685 3036 arrd:
716 2973 789 3037 norb
812 2973 932 3037 colatur
956 3024 963 3038 .
983 3024 989 3036 .
1013 2974 1146 3051 calator,
1178 2976 1281 3040 calare
1312 2999 1350 3041 ex
1383 3001 1437 3044 co-

447 3080 522 3163 lore,
543 3102 605 3144 om.
624 3079 720 3162 enim,
742 3079 777 3142 id
798 3083 842 3142 est
863 3079 1025 3143 colometrc
1046 3102 1106 3162 pro
1130 3079 1277 3164 clamore:
1301 3085 1437 3150 eaedem

446 3185 683 3268 discrepantiae
703 3185 736 3248 in
755 3184 823 3249 cod.
838 3184 996 3250 Bernensi
1010 3186 1076 3248 224
1090 3185 1110 3248 f.
1126 3187 1244 3272 217fc,
1262 3191 1325 3253 nisi
1344 3193 1436 3274 quod

446 3293 549 3356 colore
570 3312 636 3356 non
659 3313 698 3355 ex
720 3292 817 3356 colere
839 3291 962 3356 factum
985 3293 1048 3376 est)

285 3417 449 3500 Antiquos
469 3417 603 3480 clamare
621 3416 672 3481 vel
691 3413 827 3500 cocare¹)
846 3414 975 3480 ‘calare'
999 3416 1117 3504 dixisse
1136 3418 1275 3484 trivialis
1296 3421 1437 3487 scientia

286 3528 343 3588 est.

331 3647 486 3712 Galerium
508 3669 562 3714 cos
584 3649 744 3713 vinarium
765 3647 903 3713 Romani
925 3648 1075 3730 antiqui
1096 3651 1242 3714 (liberarat
1264 3648 1347 3735 (cod.
1372 3652 1436 3717 Pa-

445 3755 568 3819 latinus
586 3756 670 3820 1773
690 3756 712 3820 f.
729 3756 809 3820 137Υ
829 3786 870 3806 =
893 3754 960 3819 Mai
974 3753 1039 3819 VII
1058 3778 1088 3837 p.
1103 3755 1208 3840 562b3
1233 3757 1437 3840 glossarium

425 3860 643 3947 .Salomonis;
668 3863 737 3926 sine
756 3862 795 3926 R.
815 3883 843 3926 o.
862 3863 890 3926 d.
910 3862 1017 3925 verbis
1037 3863 1136 3946 gloss.
1152 3861 1291 3927 ‘Isidori'
1310 3886 1341 3948 p.
1357 3867 1437 3951 681,

445 3968 488 4033 53
512 3973 545 4033 et
567 3969 635 4033 cod.
659 3967 829 4032 Palatinus
856 3968 941 4032 1773
965 3968 986 4033 f.
1008 3966 1104 4053 137v)

286 4091 476 4158 ‘Calenum'
500 4093 568 4158 vini
591 4115 709 4157 nomen
732 4095 772 4157 ab
797 4093 948 4157 Iuvenale
971 4091 1000 4170 l,
1025 4093 1067 4155 69
1092 4097 1305 4157 memoratur:
1337 4093 1438 4179 ‘quac

286 4201 381 4265 molle
406 4199 590 4265 Oal'enum
618 4205 806 4284 porrectura
835 4201 902 4265 viro
930 4198 1065 4277 miscet',
1094 4199 1182 4264 ouius
1213 4200 1275 4264 loci
1309 4223 1439 4267 memor

286 4359 498 4370 ——-———⁶-

360 4447 380 4514 ¹)
399 4445 439 4500 Of.
460 4446 581 4514 glossam
602 4447 660 4501 cod.
680 4441 873 4516 Amploniani²
891 4465 918 4515 p.
934 4451 995 4513 287,
1012 4447 1210 4500 necatore:
1229 4461 1331 4502 uocare.
