3216 5126
706 321 922 384 ..90-

290 533 296 538 .
329 477 364 565 2)
389 478 498 545 Codex
511 479 683 545 Bernensis
698 480 762 545 258
784 503 865 545 saec.
880 479 926 543 IX
940 480 961 544 f.
978 479 1173 544 831-1151
1191 479 1276 543 idem
1300 478 1385 562 glos-

243 586 365 650 sarium
389 587 528 652 exhibet.
575 586 702 652 Codicis
726 588 865 661 indicem
889 587 975 650 infra
998 607 1124 669 quaere.
1171 585 1282 662 Qualis
1306 585 1386 650 haec
1419 625 1420 628 =

241 691 388 758 ‘abavus'
413 694 597 776 glossarum
620 695 778 759 memoria
802 695 845 759 sit
867 693 987 759 nescio.
1154 703 1156 708 '

329 797 363 883 3)
387 800 528 864 Easdem
552 801 678 884 glossas
700 801 799 866 etiarn
820 801 860 864 ad
879 799 1076 884 colligendas
1096 798 1236 864 ‘isidori'
1259 801 1385 884 glossas
1446 823 1448 826 ·

241 906 407 971 adhibitas
431 929 501 972 esse
526 930 624 992 supra
647 908 786 972 vidimus
810 930 839 991 p.
858 908 911 972 47.

328 1012 364 1100 4)
394 1013 555 1079 ‘Abavus’
586 1014 781 1098 glossarium
808 1013 845 1078 in
874 1013 1005 1078 ‘librum
1033 1011 1228 1096 glossarum'
1256 1011 1386 1076 fluxisse

238 1119 326 1184 infra
349 1120 632 1186 demonstrabitur.

330 1225 487 1292 ‘Abavus'
512 1229 708 1312 glossarium
728 1229 858 1294 brevius
883 1225 937 1314 (de
952 1229 1110 1311 ampliore
1130 1225 1285 1291 memoria
1304 1224 1386 1288 eius·
1457 1271 1459 1274 -

241 1355 302 1417 que
326 1334 489 1399 codicibus
520 1339 635 1419 postea
662 1333 858 1422 videbimus)
888 1335 1015 1400 circiter
1039 1335 1126 1400 5630
1150 1333 1277 1417 glossas
1301 1354 1386 1396 com-

126 1481 128 1486 ·
239 1440 400 1524 plectitur.
446 1439 527 1505 Eius
550 1441 674 1506 indoles
699 1441 779 1507 haee
803 1446 862 1506 est.
937 1460 940 1466 ’

332 1545 357 1611 Ι.
381 1546 433 1610 Ad
454 1568 599 1627 seuerum
618 1548 801 1612 litterarum
816 1548 961 1613 ordinem
977 1548 1123 1626 redactas
1139 1569 1210 1611 esse
1228 1546 1287 1611 has
1303 1547 1388 1630 glos-

242 1674 294 1716 sas
326 1651 433 1736 primo
465 1653 577 1718 statim
608 1655 724 1719 obtutu
749 1659 893 1739 apparet.
939 1654 1040 1720 Velut
1064 1654 1103 1719 cf.
1126 1655 1281 1719 lemmata
1304 1654 1389 1738 apud

241 1758 497 1825 Hildebrandum
525 1784 555 1845 p.
580 1762 622 1826 99
635 1785 680 1847 sq.
714 1785 734 1826 a
761 1764 811 1828 des
847 1762 1045 1847 incipientia:
1078 1760 1199 1826 Descat
1220 1799 1258 1807 -
1328 1759 1389 1824 De-

242 1865 415 1930 sciscat—
485 1866 645 1934 Desciscit
662 1907 698 1914 -
730 1915 731 1920 1
769 1868 938 1933 Descit—
1005 1867 1145 1933 Desecto
1163 1905 1203 1915 --
1273 1867 1388 1932 Deser-

241 1973 312 2034 tum
337 2008 374 2017 —
450 1972 585 2039 Desevit
607 2013 647 2022 —-
721 1974 822 2041 Descs
847 2012 885 2022 —
955 1974 1231 2038 Desideratus-
1298 1975 1389 2040 Desi-

243 2078 371 2142 descere
395 2115 435 2124 -
526 2079 660 2144 Desidia
683 2117 724 2126 —
815 2080 1004 2147 Desidiosus
1030 2119 1070 2127 -
1162 2079 1322 2146 Desiduus
1346 2117 1390 2126 -

212 2182 403 2269 Designat
424 2221 460 2231 -
525 2185 667 2250 Desiluit
688 2221 726 2234 -·-
791 2186 978 2271 Desipit-
1040 2185 1225 2250 Desistere:
1250 2186 1389 2251 discede·

241 2285 292 2389 re,¹
316 2292 463 2356 recedere
544 2292 730 2356 Desistere:
754 2293 823 2376 pati
845 2315 912 2358 non
934 2315 1044 2377 posse,
1068 2314 1194 2356 cessare
1270 2290 1388 2356 Desiti-
1438 2377 1441 2384 Ι

241 2419 329 2462 scere
352 2435 389 2444 -
477 2398 687 2483 Despondere
710 2437 746 2444 -
836 2400 1008 2474 Destinata
1029 2437 1069 2445 -—
1151 2397 1324 2463 Destitudo
1348 2435 1386 2444 —-

242 2503 428 2569 Destitutus
451 2543 488 2551 -
562 2504 746 2590 Destringit
770 2487 823 2551 -’
883 2505 1043 2571 Desuetus
1067 2543 1103 2552 -
1175 2505 1322 2590 Desuper
1348 2543 1386 2552 —

240 2609 397 2696 Desurgit
414 2649 463 2676 -.
527 2611 602 2677 Non
627 2617 734 2678 autem
758 2613 876 2677 mirum
905 2613 990 2697 quod
1014 2613 1143 2697 saepius
1161 2611 1238 2676 huic
1254 2633 1389 2676 normae

215 2719 353 2782 ‘obstat
380 2718 485 2802 qualis
514 2719 599 2802 apud
627 2719 882 2784 Hildebrandum
914 2723 964 2783 est
991 2719 1175 2783 litterarum
1202 2719 1295 2784 crdo:
1327 2717 1389 2802 dici

243 2824 328 2888 enim
356 2824 469 2909 nequit
497 2829 696 2909 quantopere
723 2825 786 2890 hac
812 2826 846 2889 in
873 2848 907 2890 re
936 2829 1088 2910 grassata
1112 2825 1155 2888 sit
1182 2824 1389 2889 librariorum

241 2930 458 3016 neglegentia.
494 2929 643 3015 Namque
666 2933 726 2996 has
750 2933 864 2997 turbas
879 2954 944 2997 non
960 2933 1000 2997 ab
1025 2932 1083 2996 illo
1104 2933 1159 3017 qui
1178 2933 1304 3016 glossas
1324 2931 1388 2995 col·

241 3037 323 3120 legit
341 3037 504 3120 profectas
529 3059 598 3101 esse
621 3039 742 3103 collata
762 3038 879 3103 codicis
894 3037 1059 3102 Leidensis
1079 3039 1236 3104 memoria
1254 3058 1388 3121 cognos-

241 3144 354 3226 cimur,
373 3144 427 3225 qui
446 3165 548 3226 paene
568 3143 686 3230 ubique
705 3145 869 3228 integrum
889 3145 1033 3209 ordinem
1051 3147 1202 3211 servavit.
1220 3143 1320 3208 Velut
1335 3143 1389 3206 cf.:

337 3282 479 3337 Parisinus
498 3302 525 3353 p.
545 3284 604 3337 92b
623 3283 710 3337 Hild:
1029 3286 1184 3340 Leidensis:

243 3389 390 3454 Decollate
409 3389 554 3459 decapitat
706 3402 711 3412 ’
829 3391 970 3447 Declivisz
989 3392 1137 3446 inclinatus
1155 3391 1232 3444 locus

178 3537 179 3540 Ἴ
243 3479 352 3533 Decor=
372 3478 501 3532 decentia
829 3480 978 3536 Decollat=
997 3479 1140 3548 decapitat

242 3567 384 3621 Declivisr
404 3567 555 3621 inclinatus
575 3569 651 3622 locus
829 3571 938 3624 Decort
958 3568 1087 3622 decentia
1216 3619 1218 3626 .

244 3675 350 3741 Codex
378 3676 545 3741 Parisinus
573 3701 602 3762 p.
627 3680 788 3762 236,119
811 3679 1006 3761 pedetemtr'm
1035 3678 1178 3761 glossam
1206 3679 1290 3742 inter
1312 3698 1386 3760 perr-

213 3780 390 3848 'exhibetz
432 3782 597 3848 Leidensis
636 3789 748 3849 contra
782 3809 812 3868 p.
843 3784 909 3849 235
942 3785 1027 3848 inter
1057 3785 1119 3848 103
1153 3788 1186 3847 et
1220 3786 1283 3848 104
1302 3806 1388 3848 eam

242 3890 448 3955 inserendam
481 3887 600 3974 docet3¹
620 3915 650 3975 p.
675 3893 738 3956 246
771 3891 1010 3956 Hildebrandus
1044 3891 1227 3956 Parisinum
1260 3894 1388 3955 secutus

242 3997 328 4060 inter
340 4004 515 4080 proseptum
529 4003 562 4062 et
570 4000 734 4080 presertim
748 3999 849 4062 edidit
864 3999 1077 4080 prostitutor:
1091 3999 1283 4081 procrastino
1302 3997 1388 4080 glos-

244 4126 327 4188 sam,
352 4127 448 4189 quam
467 4105 564 4188 paulo
583 4104 670 4168 infra
688 4103 732 4187 (p.
747 4105 837 4169 arra
851 4102 952 4190 Hild.)
976 4106 1062 4169 inter
1080 4106 1186 4187 presul
1205 4110 1238 4169 et
1250 4109 1387 4186 praeter-

243 4212 383 4276 euntibus
413 4235 450 4276 ex
478 4211 627 4276 Leidensi
655 4215 782 4276 enotavi
809 4212 921 4276 talem:
948 4213 1166 4294 praesciatur:
1189 4211 1388 4294 prauaetivo.

244 4317 360 4382 Rarius
384 4318 502 4383 codicis
525 4317 689 4383 Leidensis
714 4319 791 4384 ordo
819 4318 970 4385 turbatus
999 4323 1070 4404 ests
1091 4319 1218 4406 integer
1241 4317 1388 4402 Parisini,

244 4428 281 4488 ut
302 4448 332 4513 p.
352 4427 434 4494 93b:
