3216 5126
711 322 952 391 -148—

262 488 369 573 rumpi
388 483 472 554 hano
490 485 648 573 glossam:
667 485 852 552 Fauonius:
872 491 996 564 uentus;
1016 485 1164 567 sanceias
1181 485 1275 551 ctione
1293 483 1409 550 dicitur

262 597 337 662 solia
355 593 477 680 rudius,
499 595 553 678 qai
574 614 638 658 non
660 615 830 677 autemnam
853 598 910 658 ant
929 594 1012 659 uitro
1035 598 1092 659 aut
1112 599 1236 676 argento
1253 613 1407 677 pacasse,

261 705 377 786 magice
394 701 518 768 tomelli
533 701 666 784 fulgores
683 702 807 766 aemula
824 701 964 766 claritate
981 701 1149 784 resplendet
1155 697 1188 786 ¹).
1218 698 1293 765 Non
1312 699 1408 764 aliter

262 814 467 894 comparatus
492 812 542 874 est
564 808 618 873 hic
639 809 729 874 locus
754 810 775 873 f.
794 808 892 873 24¹a:

475 934 607 981 exesse:
631 915 725 980 heres
749 918 820 980 esto

475 1022 632 1087 extorris:
657 1023 730 1087 exul
753 1021 839 1107 quod
862 1023 954 1085 extra
980 1024 1084 1088 terras
1109 1043 1184 1114 suus

475 1130 664 1215 exintegr0:
689 1152 727 1193 ex
751 1129 839 1194 omni
863 1127 1061 1212 patrimonio

261 1237 318 1301 ubi
337 1237 440 1301 eiecta
457 1235 519 1301 hac
533 1237 645 1322 glossa
668 1236 838 1301 ‘extorrisz
863 1236 949 1318 exul,
973 1236 1059 1321 quod
1076 1240 1168 1301 extra
1181 1240 1301 1300 terram
1316 1259 1408 1301 suam

361 1342 606 1424 [interciderunt
637 1351 703 1408 non
725 1339 848 1423 nulla]'
880 1342 1056 1425 particulas
1089 1342 1240 1409 disiectas
1265 1344 1311 1408 sic
1334 1333 1409 1408 con-

262 1451 373 1534 iunge:
401 1448 452 1514 ‘ex
480 1471 552 1513 asse
582 1449 676 1514 heres
707 1453 798 1514 esto:
829 1471 866 1513 ex
895 1431 1053 1535 integro,
1071 1473 1110 1515 ex
1137 1450 1225 1515 omni
1252 1449 1408 1534 patrimo-

263 1555 340 1622 nio'.
380 1555 594 1621 Memorabile
618 1555 680 1620 hoc
704 1555 900 1640 glossarium
925 1556 953 1619 si
976 1578 1050 1619 cum
1072 1555 1147 1622 aliis
1171 1557 1409 1639 comparaveris
1456 1628 1459 1634 ¹

264 1663 389 1729 videbis

340 1768 364 1833 I.
389 1768 545 1854 optimas,
572 1768 604 1833 h.
627 1791 653 1833 e.
682 1767 859 1854 exquisitas
889 1772 922 1832 et
948 1767 1024 1834 huic
1052 1769 1227 1834 memoriae
1257 1770 1409 1854 proprias

445 1876 572 1961 glossas
605 1876 640 1941 in
673 1875 806 1940 ‘librum
829 1874 1024 1960 glossarum'
1056 1898 1131 1941 non
1158 1881 1307 1959 receptas
1332 1899 1411 1961 esse,

445 1983 479 2047 id
500 1983 586 2068 quod
609 1983 688 2047 item
712 1983 799 2047 cadit
822 1983 857 2048 in
881 1982 1023 2048 codicem
1046 1981 1242 2048 Vaticanum
1264 1984 1365 2066 33213

324 2089 366 2153 ΙΙ.
388 2088 568 2173 permultas
592 2088 708 2153 harum
728 2087 910 2173 glossarum
930 2089 1033 2152 etiam⁴
1048 2089 1082 2152 in
1101 2089 1261 2173 glossario
1276 2089 1409 2174 Ample-

444 2195 542 2261 nianc
567 2194 706 2260 secundo
731 2217 931 2279 comparere,
1269 2186 1280 2204 ⁰

307 2301 366 2367 III.
389 2302 493 2367 multo
518 2303 618 2367 etiam
640 2301 749 2384 plures
773 2301 808 2365 in
830 2299 992 2366 Vaticano
1017 2301 1113 2366 3321.

263 2409 371 2494 Atque
395 2430 468 2473 curn
487 2407 549 2473 hoc
569 2407 698 2493 quidem
712 2408 820 2472 codice
838 2409 988 2492 proxima
1007 2407 1179 2472 intercedit
1196 2409 1410 2494 necessitudo,

263 2538 360 2601 quam
379 2515 540 2581 rationem
563 2515 679 2581 lectori
703 2518 778 2579 ante
801 2515 911 2580 oculos
935 2536 1055 2598 ponam
1075 2515 1238 2599 exscripta
1257 2516 1409 2580 continue

265 2623 385 2687 codicis
409 2621 575 2687 Leidensis
600 2623 783 2706 glossarum
811 2621 906 2706 serie,
937 2620 987 2686 cui
1015 2622 1155 2707 quaein
1177 2620 1340 2688 Vaticano
1363 2644 1409 2686 re-

262 2729 424 2814 spondent
446 2728 537 2794 iuxta
560 2741 739 2813 apponam:

341 2904 485 2959 Leidensia
504 2901 566 2958 67Ε
585 2901 605 2956 f.
627 2908 744 2970 1⁷sqq.:
921 2899 1074 2956 Vaticanus
1093 2907 1160 2956 3321
1181 2902 1201 2956 f.
1219 2909 1338 2972 2²sqq.:

262 3017 297 3066 48
317 3010 450 3065 Abolire=
470 3010 505 3064 de
522 3008 657 3063 memoria
675 3009 774 3062 tollere

264 3106 297 3154 49
316 3099 460 3154 Abusiuer
480 3099 604 3168 dispecta
852 3103 885 3151 76
904 3097 1065 3152 Abusibaet
1084 3097 1227 3167 dispectae

264 3194 298 3242 50
317 3189 361 3242 Ab
379 3188 493 3242 ineunte
507 3189 621 3243 aetate:
641 3186 677 3240 ab
695 3184 764 3254 ipsis
778 3203 822 3238 ru·
851 3191 885 3238 23
903 3186 948 3241 Ab
961 3185 1075 3241 ineunte
1089 3189 1185 3242 etate:
1204 3187 1240 3241 ab
1253 3186 1321 3255 ipsis
1336 3186 1409 3240 rudi-

352 3276 485 3331 dimentis
503 3276 641 3332 infanciae
939 3275 1041 3330 mentis
1061 3274 1198 3330 infantiae

264 3372 296 3420 51
316 3366 472 3420 Absalute=
491 3364 655 3420 manifestae
851 3363 1059 3419 24·Absolute=
1078 3365 1224 3419 manifeste

263 3460 297 3510 52
316 3455 458 3508 Adducis:
477 3452 629 3522 abstrahit,
648 3453 793 3521 absportat
851 3457 885 3505 29
904 3452 1047 3507 Abducits
1066 3453 1206 3508 abstrahit
1219 3451 1265 3505 uel
1284 3452 1410 3522 asportat

263 3549 296 3598 53
317 3543 434 3598 abditis
453 3541 622 3611 absconditi,
641 3541 711 3596 tecti

264 3638 299 3687 54
317 3632 443 3696 Abiunt=
462 3633 591 3700 redeunt,
610 3631 717 3685 uadunt
851 3636 885 3684 66
903 3629 1036 3685 Abeunts
1055 3631 1163 3684 uadunt
1180 3635 1198 3683 ir
1217 3629 1333 3684 ueniunt

264 3725 297 3776 55
316 3721 405 3776 Abia:
424 3721 543 3790 recedis,
562 3720 641 3774 uadis
852 3724 885 3772 68
904 3719 993 3774 Abisz
1012 3719 1118 3775 recedis

264 3815 298 3864 56
317 3809 496 3864 Abnueram:
518 3826 573 3864 non
592 3808 758 3878 reciperem,
781 3825 823 3860 re·
852 3814 885 3861 69
904 3809 1084 3862 Abnueram:
1104 3825 1159 3862 non
1177 3824 1337 3878 receperam

352 3898 480 3953 felleram
719 3899 721 3903 ’

264 3993 297 4043 57
316 3988 361 4042 Ab
380 3988 486 4057 stirpes
507 3987 542 4041 ab
562 3985 668 4056 origine
774 4035 782 4048 ,
853 3992 885 4040 70
904 3988 948 4040 Ab
967 3985 1074 4055 stirpe=
1094 3987 1130 4041 ab
1148 3985 1255 4058 origine
1271 3987 1318 4040 uel
1332 4002 1351 4060 a
1363 4003 1409 4054 ge·

939 4091 1004 4129 nere

264 4172 299 4222 58
317 4168 450 4221 Absonoc
469 4166 663 4236 praepostero,
682 4164 801 4219 absurdo
836 4170 884 4222 1⁷1
904 4161 1036 4218 Absonos
1055 4163 1205 4220 absurdum
1222 4169 1240 4217 ir
1259 4180 1392 4234 prospero

264 4326 475 4338 b———a—-n

340 4449 359 4518 ¹)
378 4449 567 4504 Memorabilis
586 4451 691 4520 glossa,
711 4467 796 4518 quam
815 4449 938 4504 nondum
956 4449 1113 4519 personari.
