3178 5122
661 345 880 409 ,39-

197 505 328 573 citeetor
351 503 489 570 exhibet.
527 497 678 591 Sequitur
702 506 787 589 apud
806 505 1000 572 Vulcanium
1022 508 1202 573 sotericus:
1226 509 1341 572 etratus

198 612 301 694 templi
314 609 427 676 coar:
452 609 597 696 Scaliger
616 614 729 678 contra
748 611 877 695 glossae
895 612 1075 677 sutorium:
1099 616 1216 678 obrem
1241 617 1344 697 tertulli

198 716 320 782 ‘Chat'
361 722 398 783 ut
439 717 732 783 adnotationem
769 717 999 802 adscripscrat,
1042 742 1106 804 qua
1143 722 1343 788 chaldaicam

197 845 307 890 vocem
331 845 400 889 esse
423 823 587 890 indicaret.
620 823 654 888 P.
674 824 748 908 694,
763 825 815 907 37,
838 824 893 888 ubi
907 824 1085 890 Vulcanius
1110 827 1222 892 edidit:
1246 849 1343 911 serpe,

196 933 322 997 idoneas
340 931 493 1014 precelaber
518 952 580 997 ora.
602 933 684 995 elios
704 930 818 1014 Saepo,
846 952 910 996 eoa
932 933 1060 998 idoneos
1083 934 1241 1017 apostatet
1264 938 1343 1000 ortas

190 1038 357 1121 profeffor,
381 1037 538 1122 Scaligeri
561 1039 762 1103 collectanea
785 1038 939 1103 exhibent
965 1060 1067 1122 serpe,
1097 1043 1225 1105 edonem
1251 1062 1342 1123 qaaec-

196 1146 267 1209 le'tet
294 1167 348 1210 ors
377 1147 487 1212 addita
517 1145 563 1210 ‘in
593 1146 642 1210 als
673 1143 789 1228 Saepo,
821 1165 884 1209 coc
915 1147 1043 1211 idoneas
1073 1148 1232 1229 cujuslibet
1262 1149 1343 1213 ortis

189 1252 357 1336 professor’
373 1251 531 1338 Scaligeri
546 1253 809 1318 adnotatione.
839 1251 872 1316 P.
888 1253 929 1317 67
932 1253 963 1338 2,
977 1255 1018 1318 27
1034 1253 1212 1320 Vulcanius
1227 1256 1343 1320 miram

196 1359 339 1444 glossam
361 1360 446 1424 hanc
469 1360 621 1444 protulit:
646 1361 825 1444 oeropuhes,
843 1362 864 1424 c'.
879 1363 1030 1445 curiosos,
1048 1363 1224 1441 carneades,
1243 1364 1341 1426 merio-

193 1486 260 1549 su3‚
283 1467 373 1531 cuius
396 1469 480 1532 ratio
503 1468 601 1550 plana
625 1467 699 1550 erit,
718 1467 774 1531 ubi
794 1468 962 1532 resciveris
987 1467 1189 1552 Scaligerum
1213 1468 1342 1553 glossae

194 1573 360 1656 acropatus
384 1575 405 1637 a'.
429 1575 537 1638 curtos
560 1576 597 1638 nt
621 1596 712 1638 suam
737 1574 996 1639 emendationem
1020 1575 1231 1658 adscripsisse
1255 1597 1342 1640 aare·

194 1681 281 1745 oales
309 1682 337 1744 a'.
365 1682 510 1745 curiosae.
547 1679 608 1745 Sed
631 1703 697 1746 non
725 1682 759 1745 in
783 1680 937 1746 edendis
967 1684 1214 1747 solum-verum
1243 1683 1341 1745 etiam

193 1787 228 1850 in
256 1787 489 1852 adnotandis
522 1787 574 1851 his
608 1787 727 1871 glossis
756 1771 934 1851 Vulcanius
969 1786 1126 1872 Scaligeri
1159 1789 1342 1871 exemplum

194 1894 361 1977 expressit.
407 1893 498 1969 Quod
521 1897 557 1958 ut
588 1893 812 1977 ostendamus,
835 1893 987 1958 Vulcanii
1012 1895 1236 1959 adnotationes
1262 1895 1301 1960 ad
1324 1917 1343 1958 r

195 2001 339 2065 litteram
364 1983 547 2084 spectantes
571 1999 716 2083 integras
739 1999 981 2083 perlustremus.
1019 1999 1128 2064 Habes

1118 2173 1304 2244 adscripscrat

481 2229 558 2297 apud
576 2228 755 2282 Vulcanium:
1143 2260 1279 2332 Scaliger:

192 2391 220 2441 p.
241 2378 299 2438 101,
315 2378 361 2426 37:
380 2370 501 2425 Rectam
519 2371 560 2424 cel
578 2371 687 2437 framea
706 2372 769 2440 etc.)
790 2370 825 2424 al.
846 2374 967 2424 orestem
1062 2374 1202 2422 ‘or‘actem

313 2466 360 2515 38:
379 2459 528 2528 Recidere,
546 2461 645 2514 reverti
663 2461 726 2528 etc.)
745 2460 808 2528 lege
827 2459 939 2513 revetere
1081 2459 1192 2513 recitare
1208 2458 1212 2529 Ι
1228 2460 1340 2514 rebitere

313 2556 360 2604 40:
380 2549 484 2615 Riese,
503 2551 595 2617 aava)
609 2548 681 2617 -lege'
695 2548 807 2602 caricas
1062 2566 1064 2580 ·
1081 2548 1194 2602 carices

312 2644 359 2692 41:
379 2638 541 2704 Ratiscwnt,
559 2627 818 2705 odotste'maceruort)
833 2638 896 2707 lege
910 2637 967 2690 reti
980 2643 1045 2690 suot
1062 2668 1064 2692 ;
1081 2637 1139 2689 ruti
1155 2643 1220 2691 scot

312 2733 359 2781 43:
378 2727 510 2794 Remitto,
525 2727 667 2796 procelle)
686 2727 749 2795 lege
764 2727 885 2794 proculo
1076 2726 1199 2792 proculo

312 2822 359 2870 44:
379 2815 477 2870 Retico
503 2817 593 2885 liparo,
621 2816 723 2889 quates,
746 2815 823 2884 ligea
848 2815 1043 2882 sublimantur)
1061 2770 1063 2848 l
1081 2815 1160 2883 tigno

304 2961 307 2966 ,
424 2901 495 2974 'leg
515 2922 539 2973 q.
558 2905 637 2974 tiyoo
654 2919 675 2958 s.
1062 2889 1063 2974 l

193 3068 295 3144 Quam
319 3070 427 3131 autem
446 3068 530 3132 male
544 3068 722 3134 Vulcanius
744 3067 1009 3132 adnotationibus
1025 3064 1243 3151 Scaligeranis
1262 3089 1338 3130 usus

192 3175 235 3239 sit
258 3175 332 3240 inde
357 3179 505 3259 apparet,
529 3173 613 3257 quod
633 3195 686 3237 eas
706 3176 743 3237 ut
762 3172 935 3237 admodum
955 3194 1032 3237 sane
1055 3173 1170 3237 breves
1185 3173 1233 3236 ita
1249 3173 1339 3256 inge·

191 3283 246 3348 nio
266 3285 298 3346 et
317 3281 467 3346 doctrina
488 3275 616 3364 plenas,
641 3283 692 3344 sat
716 3301 811 3362 saepe
826 3301 867 3342 ne
882 3278 1043 3343 intellexit
1066 3279 1209 3363 quidem:
1234 3301 1338 3343 emen-

192 3383 337 3454 dationes
354 3388 442 3452 enim
461 3387 680 3471 discrepantes
706 3387 882 3471 scripturas
906 3407 976 3449 esse
999 3385 1135 3468 putavit.
1176 3385 1229 3450 Sic
1253 3385 1338 3470 glos-

193 3518 262 3560 sam
275 3497 349 3560 edo:
365 3496 509 3560 baserne
526 3517 555 3578 p.
571 3494 645 3577 678,
655 3493 698 3558 26
719 3493 765 3557 ed.
779 3492 873 3557 Vulc.
888 3489 1033 3576 Scaliger
1050 3494 1180 3557 eeedro:
1196 3493 1338 3556 besterna

192 3603 392 3667 scribendam
409 3602 637 3666 adnotaverat:
662 3601 747 3683 apud
762 3599 957 3664 Vulcanium
982 3597 1155 3664 ‘notarum’
1178 3622 1208 3683 p.
1228 3599 1280 3683 95,
1294 3601 1337 3663 49

191 3709 266 3773 inde
280 3708 402 3773 factum
416 3710 466 3773 est
481 3706 557 3791 ‘eda
573 3704 728 3793 hesterno)
748 3706 847 3775 alias
866 3704 997 3770 eeedro'.
1021 3704 1056 3770 P.
1072 3707 1145 3790 686,
1160 3707 1203 3771 50
1221 3707 1336 3770 melec:

185 3818 314 3899 popina,
341 3817 396 3897 qai
422 3819 510 3879 uocet
535 3815 570 3878 ia
591 3814 727 3896 popinas
754 3814 800 3876 ire
827 3812 943 3896 habes,
973 3811 1030 3876 ubi
1054 3809 1198 3895 Scaliger
1227 3835 1337 3877 versus

190 3921 350 3987 Luciliani
372 3920 513 4004 XXVII,
527 3921 570 3985 38
594 3943 624 4004 p.
639 3920 682 3983 94
706 3920 754 3983 ed.
768 3919 911 3984 Mueller.
935 3923 1083 3984 iasonem
1105 3918 1226 4001 cordat,
1249 3939 1336 4000 quem

191 4030 341 4094 moltam
369 4049 406 4092 oo
431 4027 582 4108 feminam
605 4028 669 4090 dict
689 4027 792 4090 videet
813 4047 938 4090 memor
960 4025 1059 4090 molto
1082 4025 1276 4107 coniecerat,
1303 4025 1336 4089 id

192 4136 276 4220 quod
313 4136 359 4200 sic
390 4135 624 4218 interpretatur
653 4131 831 4197 Vulcanius
865 4155 894 4216 p.
922 4133 978 4216 99,
998 4134 1032 4196 2:
1065 4131 1179 4195 ‘alias
1213 4132 1336 4198 malte’.

190 4241 291 4306 Plura
314 4242 460 4325 exempla
484 4240 648 4304 cumulare
670 4239 761 4322 n010,
792 4261 864 4304 curn
888 4240 985 4304 editio
1009 4237 1212 4303 Vulcaniana
1236 4236 1336 4304 Scali-

190 4349 260 4433 geri
284 4348 556 4414 collectaneorum
578 4353 647 4410 tam
672 4346 788 4410 similis
813 4345 856 4410 sit
884 4368 981 4430 quarn
1008 4345 1092 4408 lacte
1116 4346 1219 4410 lactis.
1265 4347 1335 4412 Iam

190 4455 375 4524 memineris
395 4455 493 4522 velim
516 4455 603 4522 locos
623 4452 805 4528 eVuloanii
824 4451 934 4522 ‘notis’
955 4474 1053 4541 supra
1072 4453 1228 4518 excitatos
1234 4503 1243 4538 ,
1267 4453 1336 4544 qui-
