3232 5122
660 333 941 416 -249r

208 494 361 576 vulgares
390 513 486 559 vocas
515 489 617 580 (velut
636 493 771 576 prospici
795 496 828 558 et
846 491 939 579 aleco)
967 492 1176 576 proferuntur
1206 493 1241 560 in
1267 461 1353 560 hunc

209 601 357 666 modum:
381 599 478 685 ‘quod
500 601 618 687 uulgus
642 601 798 670 uocatur'.

297 743 347 808 Ex
370 741 484 827 Papia,
512 743 714 830 Hugutione‚
741 744 890 825 Britone,
918 725 990 807 aliis
1012 729 1159 808 fontibus
1183 742 1353 808 collectum

209 852 259 914 est
290 850 470 934 pergrande
498 851 694 936 glossarium
710 847 844 916 'codicis
872 849 1092 934 Lipsiensis
1121 846 1164 914 Ol
1195 848 1300 934 [‘Rep.
1322 849 1355 915 ΙΙ

208 955 264 1020 fol.
279 955 347 1036 22’]
364 978 446 1021 saec.
461 955 539 1020 XIV
559 959 694 1020 exeunte
708 955 821 1040 scripti
839 955 993 1020 foliorum
1008 956 1072 1021 328
1083 952 1118 1041 ¹).
1151 952 1353 1022 Glossarium

210 1085 275 1128 non
302 1062 606 1132 latinoteutom'cum
636 1065 698 1146 est,
725 1065 763 1127 ut
785 1060 998 1126 Naumannus
1026 1061 1059 1126 in
1088 1063 1239 1148 catalogo
1268 1063 1356 1147 dicit,

6 1167 7 1172 ’
101 1201 140 1222 ··
209 1169 265 1234 scd
293 1159 401 1252 potiirs
430 1169 558 1234 lexicon
586 1192 673 1234 mere
701 1170 854 1252 latinum,
882 1169 932 1233 oui
960 1167 1066 1232 multa
1094 1168 1220 1234 adiecta
1248 1169 1355 1254 sunu)

208 1277 367 1342 vocabula
390 1276 585 1362 germanica.
621 1277 722 1342 Velut
745 1277 791 1342 sic
814 1276 835 1342 f.
857 1276 978 1341 106¹b:
1006 1275 1102 1340 ‘cuna
1126 1299 1160 1341 ·e·
1184 1276 1303 1362 wiege
1327 1278 1355 1342 ·i·

209 1373 336 1448 loculus
360 1383 480 1467 inquo
505 1382 612 1447 iacent
634 1383 740 1466 pueri,
770 1382 855 1468 quod
883 1383 982 1447 etiam
1009 1382 1217 1476 crepcndiurn
1240 1385 1386 1450 dicitur·

210 1493 243 1553 et
266 1489 385 1553 dicitur
408 1513 428 1553 a
451 1511 533 1573 cync
557 1488 671 1574 greoe’.
703 1487 779 1554 Non
802 1489 914 1572 paucis
938 1489 1058 1574 glossis
1077 1490 1205 1556 nullum
1224 1491 1357 1558 omnino

209 1595 537 1680 interpretamentum
560 1595 782 1680 germanicum
806 1595 1003 1680 adscriptum
1027 1599 1085 1660 est.
1122 1595 1356 1682 Principalium
1403 1591 1408 1600 ’

208 1702 348 1766 fontium
370 1701 493 1766 mentio
517 1703 555 1765 fit
578 1701 668 1766 velut
690 1701 712 1766 f.
732 1701 854 1766 233¹b:
883 1700 977 1786 ‘pepo
1001 1703 1073 1768 onis
1098 1702 1243 1787 pedeme:
1270 1689 1355 1769 idem

210 1811 260 1872 est
296 1809 382 1892 quod
420 1805 504 1874 melo
542 1808 613 1874 onis
651 1807 729 1873 dicit
765 1806 891 1892 Engo,
927 1807 1104 1874 Isidorus
1141 1812 1174 1873 et
1205 1809 1356 1894 Papias.

195 1913 321 1979 Brito
341 1915 559 1979 autemdicit:
583 1914 677 1978 credo
697 1914 783 1998 quod
801 1917 851 1978 est
870 1913 973 1978 herba
991 1914 1124 1999 quedam
1145 1915 1355 2000 frigidissime

209 2024 324 2085 nature
347 2025 380 2084 et
403 2020 545 2084 difficilis
569 2019 742 2104 digestioni
762 2069 769 2084 .
789 2070 795 2083 .
815 2018 834 2084 .'
878 2018 1052 2086 Praeterea
1074 2022 1257 2088 excitantur
1280 2025 1355 2089 Ala·

209 2150 270 2191 nus
285 2125 322 2213 (f.
339 2123 469 2213 135'a)‚
487 2127 644 2212 magister
657 2126 865 2191 Bernhardus
884 2124 1027 2192 medicus
1048 2125 1083 2214 (f.
1101 2127 1221 2214 173¹b)
1226 2181 1236 2213 ,
1258 2131 1355 2216 Hugo

210 2234 249 2297 de
272 2238 385 2298 sancto
409 2235 530 2299 victore
549 2234 585 2318 (f.
599 2231 716 2319 rab),
739 2234 919 2300 Richardus
943 2235 981 2302 de
1004 2239 1116 2300 sancto
1140 2235 1262 2301 victore
1281 2235 1356 2324 (ibi-

211 2338 313 2426 dem),
332 2341 388 2404 alii
407 2340 512 2405 multi.
541 2340 836 2425 Interpretamenta
854 2341 1028 2426 uernacula
1045 2363 1112 2407 non
1129 2343 1221 2407 nulla
1239 2344 1356 2408 exscri·
1405 2353 1414 2366 '

210 2446 302 2510 bam:
339 2445 481 2530 ‘plasten
518 2447 687 2512 maledien:
723 2448 906 2513 missadaet.
944 2448 1181 2534 argwillickeit.
1217 2448 1357 2514 smeden.

212 2552 387 2617 intbieden.
410 2572 542 2638 mangot
565 2553 764 2636 rostusoher,
777 2555 1004 2620 vnderkeuffer
1021 2557 1067 2621 vel
1085 2556 1235 2620 mitteler.
1258 2557 1356 2621 visen-

212 2659 345 2724 berlich.
368 2657 654 2726 scnfftmudeclieit.
677 2655 834 2727 mantica:
858 2661 960 2726 maele
978 2663 1024 2727 oei
1047 2660 1266 2749 waetsack’i).
1307 2663 1357 2728 In·

286 2907 306 2975 ¹)
324 2907 352 2960 A
365 2905 478 2960 liliatas
495 2907 557 2960 folii
575 2907 658 2976 primi
677 2907 749 2961 nihil
766 2907 855 2961 restat
868 2906 921 2962 nisi
934 2906 1070 2977 marginis
1085 2906 1227 2964 interioris
1241 2908 1359 2977 parvula

211 3012 285 3064 pars.
321 2995 437 3064 incipit:
458 2995 584 3065 ‘puluere
603 2995 748 3065 supposito
769 3012 823 3064 que
843 2995 899 3049 alio
922 2994 1035 3050 nomine
1057 3012 1151 3066 pyrra}
1169 2995 1294 3064 diniim’,
1312 3014 1358 3051 ex·

211 3085 293 3154 plicit
319 3084 338 3140 f.
358 3085 463 3139 327¹b:
497 3084 639 3139 ‘aucarum
664 3086 689 3138 ri
713 3084 810 3140 idem’.
848 3083 1041 3154 Subscriptnm
1066 3084 1152 3140 habes
1177 3085 1385 3158 versiculumz,

213 3174 263 3228 ‘sit
280 3174 334 3228 tibi
352 3175 422 3243 laus,
441 3174 553 3241 christe,
572 3173 704 3246 quoniam
722 3172 795 3228 liber
813 3171 928 3243 explicit
945 3172 1019 3227 iste'.

285 3282 306 3350 ⁷)
332 3281 433 3336 Postea
465 3281 577 3335 demum
607 3280 678 3334 talia
704 3279 802 3334 addita
829 3297 889 3336 esse
920 3281 1114 3336 demonstrant
1139 3280 1254 3336 huiusce
1282 3283 1359 3339 modi

212 3371 321 3440 glossae
344 3371 423 3425 velut
443 3370 568 3426 tti'b:
596 3369 702 3439 ‘arrigo
721 3387 760 3424 ,as
782 3412 789 3425 .
810 3387 857 3425 are
877 3414 883 3426 .
905 3371 978 3425 aui.
1002 3371 1145 3426 benetaen
1165 3369 1191 3426 .i.
1210 3371 1293 3428 ualde
1311 3374 1378 3428 uel'

213 3460 293 3514 iuxta
309 3459 402 3529 rigare
421 3459 450 3513 .i.
468 3458 651 3512 humectare'¹

286 3567 306 3636 ²)
329 3566 396 3620 Post
419 3564 526 3634 grands
551 3564 604 3618 hoc
628 3563 796 3632 glossarium
820 3563 961 3618 adiectum
984 3567 1028 3620 est
1049 3565 1236 3620 minusculum
1258 3565 1359 3622 latino-

212 3654 404 3725 germanicum
431 3653 704 3730 iari'a-ajzs'a
730 3654 801 3708 med
844 3653 959 3722 Incipit:
989 3653 1065 3708 ‘arra
1091 3669 1141 3710 rer
1169 3656 1360 3712 truwssclraflt

213 3755 325 3797 arraret
343 3745 452 3796 tmwen
466 3742 607 3796 mediante
622 3743 761 3810 aliquare
797 3742 960 3797 arrabonisr
975 3742 1002 3796 ·i·
1016 3744 1167 3798 strabona
1202 3746 1358 3800 anesmre:

212 3831 433 3896 bckummeren’,
459 3829 587 3898 explicit:
617 3828 796 3885 ‘vendicares
815 3831 903 3884 buten
937 3830 1120 3885 vendicacior
1139 3832 1263 3902 butunge
1301 3833 1358 3888 via·

143 3929 154 3940 '
212 3922 312 3992 glum:
330 3919 486 3974 badavart’.
515 3918 693 3987 Subscriptus
712 3921 882 3974 estsexam:
902 3919 1008 3974 ‘Finito
1027 3919 1099 3975 libro
1117 3920 1233 3975 sitlans
1251 3923 1281 3976 ct
1299 3922 1358 3992 glo·

212 4011 256 4065 ria
279 4010 356 4080 xpn’.
397 4007 483 4062 Cuius
510 4007 669 4078 glossarioli
695 4009 829 4063 lemmata
855 4010 892 4062 ad
919 4026 978 4063 rem
1005 4003 1180 4064 iudiciariam
1207 4011 1359 4066 maximam

212 4104 323 4172 partem
341 4098 472 4168 spectant
489 4099 519 4150 et
535 4096 649 4152 infimae
667 4115 741 4167 quae
759 4101 876 4154 vocatur
893 4098 1043 4153 latinitatis
1061 4099 1175 4169 propria
1192 4077 1284 4154 sunt'
1301 4099 1359 4155 Ct:

215 4189 377 4245 ‘arrendars
398 4229 405 4240 .
427 4186 564 4240 allodium
586 4229 593 4241 .
613 4188 852 4256 castrenphcodus
871 4231 878 4242 .
899 4187 1076 4242 conciuilitas
1097 4229 1104 4241 .
1128 4187 1327 4258 dcucntagium
1351 4233 1359 4248 .

213 4278 421 4348 cmologizare.
441 4276 671 4345 emphiteoiarius
690 4321 696 4331 .
715 4277 892 4331 exactiouare
911 4320 918 4332 .
936 4277 1093 4346 guarandis
1107 4319 1114 4330 .
1128 4277 1245 4346 gageria
1259 4319 1266 4333 .
1281 4295 1359 4334 man·

214 4351 342 4424 burnitas
357 4411 364 4421 .
378 4367 583 4436 perlamentum
597 4408 605 4420 .
619 4366 831 4422 subtcruadiarc
851 4409 858 4420 .
876 4366 1042 4438 trasgarius'
1070 4364 1180 4422 similia
1217 4366 1357 4442 Descripsi

213 4459 355 4527 integrum
372 4455 548 4526 glossarium.
1317 4475 1321 4484 ’
