3192 5126
615 311 856 374 -401-

166 470 260 552 copia
282 468 367 532 haud
384 471 511 552 paucae
536 472 702 555 segregari
730 473 880 554 possunt,
910 491 990 552 quas
1015 490 1080 534 non
1105 469 1173 534 sine
1196 469 1312 552 proba·

102 625 105 632 .
166 577 294 641 bilitate
323 561 368 639 ¹ad
405 598 504 639 unum
537 576 736 661 eundemque
769 579 935 640 auctorem
966 576 1177 640 revocaveris.
1232 574 1314 641 Sunt

167 687 275 748 autem
299 705 377 767 quas
403 665 596 747 subiecimus
620 683 749 767 glossae
778 684 1139 766 interpretamentomm
1163 682 1314 748 similitu-

168 791 241 854 dine
270 790 414 874 insignes
444 789 636 874 eaedemque
665 791 810 855 diversae
834 813 853 854 a
876 790 998 854 talibus
1021 790 1125 872 qualis
1149 792 1200 853 est
1223 788 1313 854 velut

169 898 274 962 cotio:
297 898 425 962 diuersis
445 897 573 979 plantis.

231 1004 358 1068 Pansa:
384 1005 438 1089 qui
461 1006 610 1070 ambulat
631 1004 772 1089 pedibus
791 1004 825 1068 in
849 1003 978 1068 diversa
1000 1001 1209 1066 tendentibus

231 1109 355 1175 Valus:
380 1112 435 1196 qui
459 1112 595 1196 genibus
619 1111 738 1175 iunctis
762 1110 909 1174 ambulat

230 1217 330 1282 Atta:
355 1219 413 1303 qui·
434 1220 548 1302 primis
571 1217 694 1303 plantis
719 1217 865 1282 ambulat

231 1323 390 1389 Scaurus:
415 1326 504 1390 euius
530 1326 632 1390 calces
657 1325 855 1389 extrinsecus
880 1323 1024 1388 eminent

229 1429 407 1495 Falcones:
433 1431 487 1516 qui
510 1431 645 1514 pollices
668 1431 787 1515 pedum
811 1430 899 1493 intro
924 1450 1039 1493 curvos
1063 1428 1186 1492 habent
1229 1471 1235 1481 ·

231 1537 392 1602 Broccus:
416 1539 471 1622 qui
495 1540 622 1603 labrum
646 1538 794 1622 superius
819 1534 980 1601 tumidum
1002 1534 1102 1598 habet

104 1646 107 1650 ’
230 1645 425 1710 Postumus:
450 1649 504 1730 qui
527 1652 604 1730 post
627 1647 752 1710 obitum
777 1646 881 1729 patris
904 1644 1050 1708 nascitur

231 1751 365 1834 Opiter:
390 1753 445 1836 qui
469 1774 530 1818 avo
552 1753 628 1817 vivo
653 1756 686 1816 et
707 1755 799 1835 patre
823 1753 952 1815 mortuo
975 1750 1121 1814 nascitur

232 1858 398 1944 Agrippa:
422 1859 478 1942 qui
501 1858 536 1924 in
558 1858 656 1941 pedes
680 1857 825 1922 nascitur

179 1995 180 1998 ¹
232 1963 386 2048 Spurius:
411 1964 466 2048 qui
489 1986 528 2028 ex
551 1967 643 2047 patre
666 1963 771 2028 nobili
794 1967 828 2028 et
850 1966 954 2026 matre
977 1962 1090 2026 infima
1112 1961 1258 2025 nascitur

230 2069 408 2134 Proculus:
433 2070 487 2153 qui
511 2073 603 2153 patre
627 2070 756 2155 longius
781 2069 1008 2153 peregrinante
1030 2069 1177 2133 noscitur

97 2164 103 2174 ’
168 2176 271 2242 Vides
295 2179 350 2258 qui
372 2177 512 2241 ambalat
533 2180 596 2260 ter,
624 2177 678 2258 qui
699 2175 788 2240 babet
809 2175 874 2258 bis,
903 2177 959 2256 qai
980 2168 1120 2240 amatur
1144 2174 1314 2259 quinquies

167 2305 227 2346 usu
246 2283 354 2347 venire
375 2286 407 2346 et
426 2282 544 2367 ubique
563 2282 890 2365 interpretamentum
911 2281 1048 2346 relative
1067 2280 1220 2345 exhiberi.
1258 2273 1314 2343 Oe-

167 2393 271 2453 terum
305 2390 372 2452 eius
405 2388 494 2452 modi
526 2388 793 2454 ratiocinationes
825 2387 878 2452 vel
912 2387 998 2472 quod
1028 2387 1146 2451 rectius
1178 2371 1340 2451 dixerim
1381 2394 1384 2401 '

167 2495 401 2560 subtilissimae
424 2494 652 2579 indagationes
677 2498 876 2579 quantopere
905 2494 1061 2559 fluctuent
1091 2496 1124 2557 et
1145 2515 1211 2557 non
1241 2514 1311 2576 pos·

166 2602 232 2665 sint
254 2624 320 2667 uon
343 2601 459 2666 dubiae
484 2623 553 2665 esse
577 2601 710 2666 minime
734 2623 785 2664 me
809 2600 901 2664 latet.

646 2740 833 2817 ANTIQVI

253 2848 345 2914 Nihil
372 2849 457 2913 inter
485 2848 572 2912 Festi
600 2849 727 2933 glossas
757 2848 933 2933 pretiosius
962 2848 1023 2932 eis,
1051 2849 1106 2912 ubi
1136 2845 1313 2931 ‘antiquos'

167 2955 228 3019 hoc
257 2956 308 3020 vel
335 2956 393 3021 illo
420 2957 578 3021 vocabulo
608 2976 684 3020 usos
712 2976 781 3019 esse
810 2955 930 3019 diserte
957 2950 1143 3038 traditur¹),
1169 2953 1261 3018 velut
1282 2977 1313 3037 p.

169 3062 258 3126 1701)
278 3062 335 3127 21:
360 3060 474 3146 ‘nupta
497 3063 596 3126 verba
619 3062 810 3126 dicebantur
833 3061 873 3124 ab
898 3059 1097 3144 antiquis'3
1120 3083 1150 3143 p.
1170 3059 1261 3123 3333
1279 3059 1313 3123 5:

166 3166 287 3252 ‘speres
315 3169 467 3253 antiqui
495 3169 665 3252 pluraliter
693 3166 870 3251 dicebant'3
904 3190 935 3250 p.
955 3167 1047 3231 3433
1068 3167 1121 3231 14;
1153 3164 1313 3248 ‘sispitem

165 3275 323 3341 lunonem
346 3325 406 3340 ...
430 3276 581 3360 antiqui
604 3272 832 3359 usurpabant'3
868 3296 899 3356 p.
922 3273 1013 3338 3593
1032 3273 1089 3337 30:
1122 3271 1311 3356 ‘talipedare

166 3385 320 3468 antiqui
343 3382 521 3467 dicebant'3
551 3383 623 3456 sim.
668 3381 754 3446 Hinc
777 3380 916 3465 profecti
940 3381 969 3446 si
991 3381 1026 3446 in
1049 3381 1167 3465 glossis
1190 3381 1311 3444 nostris

165 3491 355 3555 memoriam
373 3491 452 3554 item
473 3492 695 3574 comparatam
714 3488 912 3572 quaerimus:
936 3509 1133 3570 quamquam
1150 3508 1217 3551 non
1232 3487 1311 3551 adeo

165 3597 281 3675 multa,
309 3599 438 3660 exstant
465 3600 574 3660 tamen
603 3596 649 3659 ibi
679 3616 806 3679 quoque
833 3592 1013 3658 nonnulla
1035 3593 1101 3658 hau
1130 3593 1311 3658 dissimilia.

165 3703 227 3767 Est
250 3706 357 3766 autem
385 3723 441 3766 cur
468 3723 656 3765 moneamus
684 3701 770 3764 inter
798 3722 836 3763 ea
864 3721 946 3783 quae
968 3721 1054 3763 nunc
1076 3675 1235 3781 prolaturi
1260 3723 1310 3763 su·

165 3831 236 3872 mus
261 3808 326 3871 alia
344 3807 480 3871 meliora
499 3828 570 3870 esse
589 3805 672 3890 aliis,
690 3828 793 3890 neque
813 3801 898 3889 quod
915 3827 1001 3869 nunc
1016 3805 1183 3870 occasione
1199 3806 1312 3870 oblata

166 3914 276 3979 omnia
298 3914 332 3976 in
361 3935 460 3976 unum
489 3913 725 4004 congessimus,
753 3915 925 3995 propterea
954 3911 1096 4006 eiusdem
1125 3912 1234 3976 ffinnia
1261 3912 1310 3975 in-

165 4021 248 4086 dolis
272 4019 452 4103 colorisque
476 4019 571 4083 nobis
596 4018 705 4083 videri.

243 4161 377 4170 --..-.-.-...

238 4249 257 4318 ¹)
287 4247 396 4302 Similia
424 4247 498 4316 apud
526 4246 695 4315 Varronem,
723 4246 857 4315 Nonium,
890 4247 926 4300 31.
950 4246 1041 4300 multa
1069 4247 1176 4299 exstare
1204 4247 1308 4301 notum.

164 4342 227 4396 Nou
255 4355 317 4392 raro
344 4336 452 4391 omissis
477 4336 619 4404 ‘antiqui’,
650 4336 792 4403 ‘veteres'‚
817 4337 877 4390 sim.
900 4335 1055 4420 vocabulis¹
1070 4334 1130 4387 solo
1157 4335 1309 4404 praeterito

164 4431 289 4484 utuntur.

196 4567 198 4572 .
217 4529 309 4578 news,
323 4526 351 4566 do
365 4527 435 4574 gloss.
450 4527 489 4565 lat.
1061 4519 1095 4568 26
