3178 5122
650 319 872 381 ..47..

277 478 387 542 Etiam
414 478 552 542 abavus
579 475 805 563 glossario¹)
829 474 972 561 Scaliger
998 497 1076 540 usus
1099 478 1161 560 est,
1187 475 1221 540 id
1248 475 1333 560 quod

186 585 336 649 adhibita
367 585 418 648 vel
447 605 514 647 una
544 583 602 648 illa
632 605 733 668 quam
757 605 854 666 supra
887 582 953 646 iam
985 582 1193 647 excitavimus
1225 583 1335 668 glossa

186 691 361 776 (pulpulusz
381 691 457 754 baec
470 693 574 769 πυρήν
588 687 674 776 dico)
693 688 788 753 huius
805 688 956 773 glossarii
974 689 1106 773 propria
1120 688 1334 780 demonstrari

186 801 310 883 potest,
332 796 624 876 demonstrabimus
639 799 746 860 autem
762 794 956 860 luculentius
971 796 1151 879 composita
1168 795 1229 860 hac
1249 796 1334 881 glos·

188 927 298 970 sarum
322 924 418 968 sene:

312 1026 451 1096 Excerpta
470 1025 617 1096 Scaligeri:
756 1071 758 1075 .
864 1024 931 1079 eod.
950 1024 1101 1079 Vossianus
1119 1023 1178 1078 Fol.
1193 1029 1243 1080 82:

187 1154 214 1204 p.
226 1139 345 1201 assat:
365 1130 521 1202 Galgulusz
539 1133 611 1186 baca
628 1133 720 1200 πυρήν
774 1130 927 1188 calculus:
947 1147 1017 1185 uaca
1034 1131 1139 1185 ΠΙΡΗΝ

366 1221 531 1277 Gellonsm=
549 1222 696 1275 baucalem
775 1219 939 1275 Gellonem=
959 1220 1106 1274 baucalem

368 1309 490 1364 Gemma
527 1311 590 1363 asta
625 1309 747 1364 iaculum
774 1307 910 1362 Gessumr
929 1307 1011 1362 hasta
1029 1309 1075 1363 vel
1091 1308 1213 1363 iaculum
1232 1311 1333 1380 gallice

403 1379 478 1465 aaut?
829 1397 924 1450 soar

367 1487 495 1542 Gnabat:
506 1490 589 1542 natus
599 1491 747 1556 generatus
801 1484 932 1540 Gnabat:
952 1471 1063 1540 fortiter
1081 1488 1243 1556 exsequitur

401 1577 746 1632 filiuscreatusvelenixns
801 1573 930 1628 Gnatus:
963 1577 1047 1628 natus
1079 1579 1228 1644 generatus
1260 1578 1333 1633 filius

402 1667 499 1735 lingua
513 1666 623 1720 Gallica
836 1665 945 1717 creatus
965 1664 1011 1718 vel
1034 1664 1130 1718 enixus
1152 1664 1250 1736 lingua
1273 1667 1333 1736 gal-

835 1752 891 1806 lica

367 1844 500 1898 Gremio:
534 1844 683 1898 siccamina
714 1844 745 1896 li·
775 1841 907 1896 Gremia=
927 1842 1078 1897 siccamina
1096 1843 1235 1914 lignorum

402 1950 518 2003 gnorum

367 2019 507 2077 Grussus=
522 2024 628 2077 setosus
641 2022 747 2092 pilosus
776 2017 914 2074 Gmssus=
935 2023 1043 2076 setosus
1061 2022 1167 2092 pilosus
1185 2021 1310 2076 hirsutus

860 2163 1031 2218 Glossarium
1049 2163 1244 2250 Hildebrancli:

185 2289 214 2341 p.
232 2276 348 2340 681,39:
368 2271 520 2326 Gannacas
539 2288 666 2342 gausapa
775 2289 802 2338 p.
818 2276 933 2337 153‚11:
953 2269 1105 2335 (taunucus¹
1123 2287 1245 2341 causapa

368 2359 563 2414 Gemmatumz
582 2362 730 2416 baccatum
890 2365 934 2413 17:
955 2359 1150 2414 Gemmatum
1169 2361 1317 2415 baccatum

367 2437 504 2505 Geminas
523 2451 719 2520 peristromata
889 2455 934 2503 18:
954 2448 1092 2504 Gemina:
1113 2450 1300 2519 perstromata

367 2538 497 2592 Geminis
516 2539 649 2610 aquigeni
888 2544 936 2593 20:
955 2537 1086 2593 Gemini:
1106 2539 1256 2609 aequigeni

368 2627 528 2682 Gallariusz
549 2630 630 2682 cerdo

368 2716 748 2788 Geniatussgenialisgratus
776 2734 803 2784 p.
821 2721 879 2784 154,
887 2723 934 2770 33:
954 2715 1336 2786 Geniatuszgenialisgratns

369 2804 544 2860 Genubium=
559 2807 694 2861 intrinum
708 2806 747 2860 in·
761 2840 763 2872 p
888 2811 936 2859 41:
956 2805 1134 2860 Genubium:
1148 2806 1279 2860 intimum
1295 2807 1336 2860 in-

403 2894 532 2950 teriorem
552 2896 736 2951 domesticum
988 2894 1119 2948 teriorem
1139 2895 1322 2949 domesticum

250 3001 254 3009 ·
368 2983 503 3039 Glaucia:
523 2984 620 3038 viridis
777 3001 803 3052 p.
822 2990 879 3051 156,
888 2990 934 3038 60:
954 2983 1091 3036 Glaucias
1106 2981 1203 3039 uiridis
1219 2985 1335 3052 (siccorl.

990 3073 1142 3142 Leideusis)

368 3161 498 3218 Gnavatc
516 3165 626 3218 sortiter
640 3163 753 3231 exequi·¹
890 3168 934 3216 72:
956 3162 1087 3217 Gnabatz
1102 3164 1212 3219 fortiter
1226 3164 1336 3231 exequi-

403 3253 450 3306 tur
602 3304 610 3309 ,
989 3254 1035 3305 tur
1054 3253 1104 3319 (sic
1122 3254 1203 3322 idun)

369 3341 509 3396 Gulosus:
528 3341 656 3397 tabernio
671 3341 748 3409 popi-
778 3359 803 3408 p.
821 3347 934 3406 muel:
955 3340 1093 3395 Golosust
1112 3340 1239 3394 tabernio
1257 3339 1336 3408 popi-

403 3432 485 3484 nator
762 3406 764 3456 l
989 3431 1071 3482 nator
1094 3451 1096 3458 ⁴

368 3518 489 3572 Gutturt
509 3519 620 3588 glutum
777 3537 803 3587 p.
812 3524 942 3587 158‚107:
954 3518 1077 3572 Gutturr
1097 3518 1220 3588 gluttum

277 3625 432 3722 Nondum
446 3631 556 3720 autem
570 3630 611 3694 ad
627 3631 723 3694 finem
736 3633 926 3715 perventum
946 3632 1007 3713 est3
1026 3632 1129 3694 restat
1148 3629 1233 3692 enim
1252 3650 1335 3691 unus

189 3759 227 3800 ex
250 3735 484 3820 principalibus
507 3737 668 3821 fontibus,
690 3759 806 3821 parum
824 3737 878 3802 ille
896 3735 1062 3819 limpidus:
1086 3735 1156 3798 dico
1172 3733 1335 3800 Osberni

191 3855 404 3864 -.....———-

263 3895 283 3965 ¹)
313 3893 487 3964 Scaligerum
515 3896 543 3947 et
566 3894 691 3964 pleniore
714 3897 743 3949 et
765 3894 890 3950 breviore
916 3895 1021 3948 abavus
1048 3891 1175 3963 glossarii
1201 3893 1336 3946 memoria

190 4001 270 4038 usum
285 4000 344 4038 csse
359 3985 435 4051 puto.
456 3983 541 4038 Velut
554 4000 587 4037 ex
601 3985 655 4038 hac
669 3983 794 4039 hausisse
809 3984 920 4039 videtur
934 4002 960 4053 p.
972 3988 1056 4051 674‚9
1071 3983 1230 4051 coruscatio,
1244 3983 1336 4037 vibrat

190 4092 280 4159 tricare,
296 4106 358 4144 cum
374 4089 558 4145 Hildebrandi
573 4090 740 4174 glossarium
753 4109 780 4159 p.
792 4098 834 4158 81,
845 4097 909 4146 464:
929 4091 1096 4146 corruscatio
1111 4069 1272 4157 (cuiuscutio
1282 4089 1335 4159 L)=

189 4181 280 4235 vibrat
298 4180 394 4245 hiems,
412 4178 521 4247 plenior
540 4181 632 4234 autem
653 4179 712 4233 cod.
731 4179 857 4234 Vossian.
877 4180 935 4234 llol.
947 4183 980 4232 82
1000 4180 1166 4233 corruscatio
1184 4179 1277 4247 fulpor
1294 4179 1336 4232 uel

190 4270 303 4324 vibrans
329 4269 433 4336 hiemps
460 4267 599 4322 exhibeat.
644 4267 747 4322 Contra
774 4269 869 4338 glossa
897 4268 1007 4338 saepius
1034 4267 1091 4320 iam
1119 4271 1338 4323 commemorata

191 4359 318 4427 palpulus
333 4400 339 4411 .
355 4399 383 4412 ..
403 4359 501 4427 aperte
520 4374 535 4410 e
553 4357 678 4426 pleniore
697 4358 798 4411 hausta
816 4359 870 4426 est,
889 4375 952 4412 cum
971 4357 1001 4410 in
1019 4357 1144 4412 breviore
1163 4373 1217 4410 vox
1235 4374 1337 4426 graeca

192 4446 276 4502 desit:
295 4447 425 4518 idemque
445 4445 522 4500 cadit
538 4446 569 4500 in
587 4462 643 4500 non
661 4461 765 4516 paucas
784 4463 799 4500 c
818 4446 918 4515 glossis
937 4461 1021 4516 supra
1039 4444 1192 4516 exscriptis.
