3178 5122
697 346 917 408 ...(34.-

561 576 743 662 Bargines:
767 577 869 642 fortes
892 577 928 640 in
952 557 1039 641 bello

326 718 472 804 Scaliger
495 742 525 802 p.
549 720 624 803 670,
639 718 682 784 54
710 741 748 784 ex
772 719 918 784 Osberno
941 741 971 801 p.
995 718 1076 782 81οε
1105 717 1266 800 turpiam:
1288 717 1383 796 feries

235 828 270 890 iri
302 827 385 893 belle.
431 825 605 911 Nugantur
638 827 693 910 qui
725 827 846 890 70777766
878 847 934 890 seu
966 825 1109 888 terciane
1141 845 1197 887 seu
1229 823 1383 904 bircpires

237 961 278 984 ·-·--
293 934 447 1015 circpines
471 955 527 996 seu
550 933 720 1014 turpicuae
742 931 915 1014 legendum
939 935 1080 996 censent.
1110 929 1210 994 Recte
1225 929 1381 994 Oehlerus

235 1060 265 1121 p.
280 1038 345 1103 235
370 1043 402 1102 et
425 1037 664 1102 Hildebrandus
688 1037 728 1102 ad
752 1038 849 1120 gloss
874 1037 975 1100 Paris.
999 1059 1028 1118 p.
1049 1037 1117 1100 280
1139 1036 1267 1100 barones
1282 1036 1307 1115 f.
1321 1037 1341 1098 i.
1357 1035 1381 1098 ir.

236 1146 443 1228 scripserunt,
466 1144 614 1227 idemque
638 1144 763 1226 pridem
782 1143 987 1207 intellexerat
1001 1142 1100 1205 Henr.
1116 1141 1331 1226 Spelmannus
1347 1142 1381 1204 in

235 1233 395 1335 glossaria
419 1251 671 1334 Archaiclcgico
696 1273 725 1333 p.
750 1250 801 1316 65.
848 1247 934 1314 Satis
966 1248 1071 1312 habeo
1099 1271 1198 1312 unum
1222 1249 1380 1313 excitasse

234 1358 396 1424 Isidorum
420 1357 591 1442 Originum
615 1356 669 1440 lX,
688 1357 718 1438 4,
735 1356 775 1420 31
803 1354 839 1436 (t.
859 1355 907 1418 ΙΙΙ
927 1379 956 1439 p.
971 1356 1037 1419 434
1061 1356 1108 1419 ed.
1123 1355 1281 1438 Areval.):
1303 1376 1380 1419 rner-

113 1491 117 1498 ·
235 1467 352 1530 cerarii
379 1471 464 1541 cani,
486 1466 541 1546 qui
568 1465 855 1543 sacracramenta
882 1459 1030 1526 0767677767
1057 1463 1151 1525 iidem
1174 1472 1200 1526 ct
1226 1463 1381 1526 turones

231 1572 494 1654 praeconaretur,
517 1571 598 1652 qued
614 1570 678 1634 siat
698 1569 816 1648 fortes
840 1570 874 1632 in
894 1569 1063 1632 laboribus:
1089 1572 1185 1648 βαρὺ(
1208 1570 1290 1632 euim
1308 1569 1381 1634 dici-

234 1683 286 1742 tur
307 1678 430 1761 prauis,
453 1679 535 1759 quod
555 1679 597 1740 sit
616 1677 718 1756 fortis.

505 1853 643 1918 Barria:
666 1854 793 1939 regula,
816 1877 944 1937 norma,
968 1855 1097 1920 rubrica

324 1994 469 2081 Scaliger
491 2017 520 2078 p.
541 1996 615 2078 671,
630 1997 671 2060 27
697 2019 734 2059 ex
758 1996 905 2061 Osbernc
929 2019 960 2079 p.
981 1997 1062 2060 rea:
1086 2018 1217 2078 prorsus
1240 1996 1320 2060 item
1344 2001 1380 2060 ut

235 2127 332 2188 supra
361 2102 558 2186 scripsimus.
604 2093 757 2184 Nugatur
781 2100 942 2166 Semlerus
970 2103 1078 2166 berria
1102 2124 1121 2166 a
1149 2102 1240 2167 barro
1268 2103 1301 2165 id
1331 2106 1381 2165 est

234 2211 407 2294 elephante
431 2208 640 2272 derivandum
656 2212 760 2292 ratus,
784 2210 936 2272 nimirum
952 2209 1028 2292 quia
1046 2209 1085 2272 de
1104 2227 1215 2272 eorum
1230 2208 1379 2273 dentibus

234 2318 364 2402 regulae
396 2315 627 2380 conficerentur
635 2365 643 2398 ,
676 2337 748 2378 cum
775 2315 884 2398 potius
912 2316 1003 2379 buria
1033 2315 1236 2380 scribendum
1270 2317 1313 2380 sit
1338 2347 1379 2368 =

236 2429 355 2504 βαρεῖα.
400 2421 505 2485 Decet
532 2421 602 2503 ipse
631 2420 795 2485 Osbenrus
825 2444 854 2504 p.
880 2422 935 2484 71:
966 2420 1058 2503 ‘bary
1086 2442 1200 2504 graece
1226 2443 1320 2504 prece
1347 2427 1380 2486 et

233 2531 319 2594 forte
333 2530 449 2610 latine3
467 2527 551 2591 unde
569 2529 649 2592 haec
664 2529 801 2611 bararia,
820 2551 857 2592 ae
873 2529 900 2591 .i.
916 2528 1027 2612 regula
1042 2530 1152 2612 gravis
1168 2531 1201 2591 et
1215 2551 1234 2592 a
1249 2529 1380 2594 dextera

233 2659 334 2720 usque
358 2637 399 2702 ad
423 2633 590 2702 sinistram
613 2633 787 2717 protensa’,
812 2656 892 2718 quae
917 2634 956 2697 ef.
976 2657 1049 2698 cum
1067 2635 1193 2699 Isidoro
1209 2635 1378 2718 Originum

233 2743 364 2827 Ι,19,2
387 2739 425 2829 (t.
448 2740 499 2804 ΙΙΙ
522 2764 552 2824 p.
577 2741 620 2804 30
644 2740 691 2804 ed.
716 2737 839 2825 Amul:
865 2738 993 2819 εβαρεῑο7
1017 2741 1049 2805 76
1072 2746 1122 2805 667
1145 2743 1268 2825 gravis,
1292 2743 1379 2807 linea

233 2869 253 2910 a
276 2870 402 2912 summo
427 2849 578 2912 sinistrae
602 2848 636 2910 in
659 2848 825 2914 dexteram
849 2847 1017 2931 deposita?
1026 2847 1050 2932 ¹)

584 3042 797 3126 Barriginae:
822 3044 1010 3128 peregrinae

322 3183 466 3269 Scaliger
484 3207 515 3267 p.
530 3185 603 3270 670,
618 3185 661 3249 36
685 3208 723 3250 ex
748 3185 815 3250 cod.
830 3186 990 3249 Vossianc
1010 3184 1079 3249 Fcl.
1095 3186 1138 3250 82
1162 3184 1261 3270 (sicut
1279 3187 1378 3250 etiam

232 3293 266 3355 in
280 3291 442 3356 Vossiano
457 3289 526 3355 Fol.
541 3292 597 3375 24,
620 3292 677 3355 ubi
691 3289 880 3377 terriginae)
901 3293 956 3356 ubi
976 3292 1175 3374 burriperrce:
1190 3295 1377 3376 peregrinae.

232 3395 364 3462 Certum
388 3401 437 3462 est
460 3397 606 3478 barpirrae
630 3397 834 3462 scribendum
858 3399 987 3463 collatis
1012 3399 1129 3482 glossis
1154 3399 1256 3464 hisce:

608 3540 784 3624 barginae:
808 3541 998 3625 peregrinae

321 3677 466 3732 Leidensis
485 3679 546 3733 6777
566 3679 660 3734 terh
679 3682 824 3750 (tergeret
840 3681 1006 3750 perepriae);
1026 3680 1171 3736 Bemensis
1192 3687 1241 3736 178
1261 3683 1279 3738 f.
1301 3683 1377 3737 19vb

321 3769 467 3837 (turpine);
491 3768 550 3822 cod.
565 3767 709 3822 Leidensis
729 3769 791 3822 67F
811 3767 830 3822 f.
847 3775 920 3822 love
940 3769 1079 3838 (tarpicet
1099 3771 1213 3850 herging!
1231 3771 1377 3825 Bemensis

320 3859 396 3925 224);
415 3855 498 3926 gloss.
518 3856 674 3911 Salomonis
695 3858 844 3924 (carpiana
861 3857 1026 3926 pereprinc).

305 4036 325 4103 ¹)
344 4034 426 4090 Falso
445 4032 537 4101 siquid
556 4033 636 4088 video
650 4035 680 4089 in
695 4035 794 4090 Isidori
808 4033 984 4102 editionibus,
998 4033 1077 4087 velut
1092 4033 1255 4089 Gothofredi
1270 4039 1298 4090 et
1312 4037 1376 4090 Are-

231 4123 300 4191 vali,
320 4123 359 4178 sie
378 4125 516 4178 commate
535 4123 728 4194 distinguitur:
750 4123 870 4190 ‘tapeta
894 4123 923 4176 id
947 4124 990 4176 667
1007 4122 1100 4194 gravis
1118 4122 1204 4191 linea,
1229 4140 1246 4176 a
1269 4142 1376 4180 summo

231 4211 359 4264 sinistrae
377 4211 406 4266 in
425 4212 568 4267 dexteram
587 4212 723 4281 deposita,
742 4213 774 4265 fit
792 4208 875 4265 ita'.’
906 4212 1008 4266 Gravis
1026 4229 1081 4266 non
1097 4229 1161 4266 curn
1175 4213 1249 4268 linea
1264 4214 1376 4268 coniun-

230 4289 359 4369 gendum,
379 4301 428 4354 sed
445 4301 487 4354 ita
500 4301 606 4370 potius:
628 4301 747 4369 (βαρεῖαι
766 4300 796 4354 76
815 4303 859 4355 667
877 4299 971 4370 gravis
991 4301 1109 4371 [scilicet
1126 4302 1282 4372 accentus]‚
1302 4302 1377 4356 linea

230 4430 273 4444 ...
288 4388 428 4456 deposita,
446 4390 479 4443 fit
492 4386 571 4444 ita'.'
602 4389 642 4444 cf,
662 4407 734 4458 quae
748 4390 931 4459 praecedunt:
954 4383 1046 4459 “ὀξεῑα,’
1066 4391 1096 4444 76
1110 4392 1153 4443 667
1167 4391 1265 4444 acutus
1279 4407 1375 4444 accen-

228 4479 285 4546 tus,
304 4477 378 4532 linea
398 4495 415 4530 a
433 4478 547 4532 sinistra
564 4480 643 4548 parte
662 4479 691 4533 in
710 4479 853 4533 dexteram
871 4479 980 4547 partem
999 4497 1107 4532 sursum
1128 4479 1213 4532 ducta
1231 4479 1263 4534 fit
1280 4475 1356 4534 ita'.'
