3232 5122
712 303 954 368 „244-

263 467 412 546 tempora
437 465 477 544 [a.
501 462 567 549 fere
594 463 691 544 1192]
718 462 815 546 Agno
838 462 963 547 Ugutio
990 461 1122 528 natione
1146 461 1297 546 Pisanus,
1326 461 1408 545 epis·
1436 513 1439 522 ,

227 621 233 636 ,
264 591 372 654 copus.
395 569 624 654 Ferrariensis,
653 571 707 654 qui
740 571 833 635 datus
868 593 887 634 a
920 571 993 635 sede
1026 569 1209 654 apostolica
1241 568 1409 634 coadiutor

263 677 374 741 abbati
411 676 601 743 monasterii
633 674 874 761 Nonantulani,
906 677 1044 762 prodigo
1075 676 1215 760 homini,
1254 698 1293 739 ex
1325 674 1408 739 libro

262 780 383 866 Papiae
416 784 470 868 qui
503 784 572 849 illic
604 787 654 848 est
685 784 808 848 librum
840 784 1076 850 derivationum
1112 781 1314 867 composuit'.
1358 781 1408 845 De

176 967 180 976 Ι
262 893 445 954 auctorest
468 891 623 973 scriptore
647 890 681 954 in
703 889 905 973 praefatione
922 889 1003 954 haec
1021 889 1135 954 habes:
1159 888 1288 974 ‘siquis
1312 910 1408 973 quae·

261 998 326 1079 rat,
359 996 466 1078 operis
498 995 594 1061 huius
627 996 699 1080 quis
733 999 823 1062 actor
853 996 897 1077 [h.
912 1013 948 1060 ·e.
979 999 1105 1080 auctor,
1139 1017 1176 1060 ex
1209 995 1296 1059 illius
1328 997 1408 1057 tmu-

260 1101 349 1183 poris
372 1104 445 1182 usu]
470 1101 582 1186 fuerit,
605 1102 776 1167 dicendum
795 1106 857 1168 est:
880 1102 977 1167 Deus.
1002 1099 1036 1166 si
1055 1106 1204 1186 quaerat,
1228 1090 1313 1185 quod
1332 1121 1407 1184 ope·

261 1208 306 1270 ris
329 1207 424 1272 lmius
443 1208 542 1274 fuerit
560 1210 826 1294 instrumentum,
848 1207 1106 1294 respondendum
1125 1211 1175 1272 est
1194 1207 1279 1292 quod
1302 1208 1409 1292 patria

261 1311 412 1398 Pisanus,
435 1316 566 1380 nomine
584 1313 787 1401 Hugutio'1).
824 1315 1087 1381 Liber'nondum
1111 1314 1214 1379 editus
1236 1318 1300 1379 ests
1324 1314 1408 1380 codi-

262 1440 314 1483 ces
335 1407 405 1508 ’ms'
428 1443 495 1486 non
522 1421 588 1486 rati
616 1443 686 1486 esse
713 1422 871 1486 ridentur.
917 1421 966 1486 De
990 1420 1105 1505 Papia,
1128 1437 1233 1503 'quem
1265 1421 1408 1487 chronici

260 1527 400 1611 scriptor
428 1528 640 1611 principalem
664 1527 839 1612 Ugutionis
868 1527 992 1593 fontem
1022 1548 1091 1591 esse
1119 1527 1203 1611 vult,
1233 1528 1408 1594 admodum

262 1633 391 1718 dubito,
424 1655 494 1698 cum
524 1656 606 1719 quae
635 1634 715 1698 mihi
743 1634 817 1698 inde
845 1635 1055 1699 innotuerunt
1079 1632 1271 1698 Panormiae
1298 1637 1407 1718 potius

262 1740 429 1805 simillima
446 1741 518 1806 sint.
551 1740 705 1806 Fortasse
724 1723 866 1826 ‘Papias'v
889 1741 946 1805 illo
965 1741 1036 1804 loco
1057 1731 1220 1825 significat
1243 1740 1407 1824 ‘quidam

261 1845 404 1930 Papias',
426 1847 488 1913 hoo
511 1853 562 1912 est
585 1849 780 1933 glossarium
804 1848 926 1933 grande
949 1849 984 1912 in
1006 1846 1143 1930 Papiani
1167 1849 1298 1914 modum
1322 1871 1407 1914 corn-

261 1953 414 2036 positum.
470 1953 517 2020 Of.
550 1955 696 2021 chronici
735 1955 920 2040 Augustani
956 1954 995 2018 de
1032 1953 1174 2020 Henrico
1210 1956 1329 2021 abbate
1366 1979 1407 2021 ss.

261 2056 406 2124 Udalrici
430 2065 463 2124 et
485 2059 585 2127 Afrae
608 2064 723 2128 verba:
756 2061 954 2127 ‘Salomonis
978 2059 1238 2126 Constantiensis
1263 2062 1407 2147 episcopi

262 2165 542 2232 dictionarium
561 2190 752 2254 magnum,
771 2191 881 2254 quem
896 2167 1053 2252 Papiam
1074 2169 1291 2254 appellant,
1309 2169 1407 2233 scribi

261 2270 379 2336 fecit’.'

350 2365 397 2443 Ut
425 2382 532 2445 antem
564 2386 732 2466 appareat,
753 2401 859 2466 ‘quam
888 2381 1010 2446 similes
1040 2381 1106 2446 sint
1133 2380 1272 2447 Osberni
1300 2403 1407 2465 nugae

261 2484 436 2570 Ugutionis
455 2485 724 2551 hariolationibus
740 2509 756 2551 e
772 2488 881 2552 codice
895 2487 1052 2551 Beruensi
1067 2489 1131 2574 276
1151 2488 1206 2554 fol.
1224 2511 1305 2554 saec.
1318 2487 1407 2571 XIII,

261 2614 324 2676 quo
348 2591 447 2655 etiam
465 2591 584 2676 Papias
604 2594 803 2678 continetur,
826 2593 934 2659 omnia
956 2616 1037 2679 quae
1062 2595 1102 2659 ab
1125 2597 1201 2661 outo
1224 2603 1302 2660 voce
1325 2595 1406 2659 deri-

262 2702 381 2762 vantur
405 2698 586 2763 exscribam
610 2699 719 2784 eisque
744 2699 945 2764 Osberniana
967 2700 1057 2766 iuxta
1081 2717 1251 2784 apponam.

429 2837 534 2908 Ugutio
552 2856 579 2907 p.
595 2844 644 2892 3a:
979 2837 1118 2894 Osbernus
1137 2858 1163 2908 p.
1179 2847 1212 2894 23
1221 2857 1274 2908 sq.:
1356 2829 1361 2840 ’

261 2946 337 2999 Haec
362 2945 431 3000 aulo
455 2960 486 2998 c·
512 2945 609 2998 domus
633 2943 720 3014 regia.
745 2945 819 3000 unde
849 2946 934 3012 Aula,
948 2962 980 3000 oe
997 2945 1022 3000 ·i·
1037 2945 1134 3000 domus
1148 2946 1238 3015 regia3
1257 2945 1323 3000 inde
1337 2946 1407 3001 haec

332 3034 401 3087 haec
420 3034 562 3087 aululae·
582 3032 684 3088 dicitur
702 3036 731 3087 et
749 3035 820 3088 auli·
920 3034 1030 3100 calaio,
1049 3050 1094 3101 oe,
1118 3033 1214 3088 dimin.
1238 3037 1267 3089 ct
1290 3036 1407 3102 aulicus,

332 3138 379 3175 cus
399 3140 433 3176 u·
452 3138 499 3175 um
521 3123 550 3176 et
573 3123 702 3176 autarius
721 3142 754 3178 ·a·
773 3141 820 3178 um
920 3141 946 3192 a,
960 3140 1007 3177 um
1021 3124 1050 3177 et
1063 3123 1192 3191 colonas,
1207 3117 1235 3190 a,
1247 3141 1294 3178 usn
1313 3124 1339 3178 ·i·
1358 3141 1406 3195 pa-

334 3210 359 3263 ·i·
373 3211 515 3285 palatinus
536 3229 570 3279 o.
585 3212 648 3265 aule
663 3216 755 3268 custos
772 3213 821 3282 qui
918 3211 1036 3286 latinus,
1061 3212 1133 3267 sicut
1151 3230 1169 3266 a
1186 3214 1280 3268 monte
1298 3215 1407 3268 monta-

333 3299 444 3354 assidue
463 3300 552 3355 estin
572 3301 637 3355 auls
660 3319 722 3356 cum
746 3301 820 3371 prin-
918 3319 983 3369 nus,
1007 3302 1036 3355 et
1058 3317 1075 3353 a
1093 3301 1208 3370 praedio
1230 3303 1406 3372 praedianus,
1425 3341 1440 3370 s

333 3388 401 3458 cipe.
422 3391 450 3443 et
469 3389 522 3443 hoc
541 3391 651 3444 culeum
666 3392 706 3445 ci·
722 3391 747 3443 ·i·
762 3408 820 3444 cor·
919 3390 1020 3445 et'hoc
1039 3391 1174 3459 aulaeum,
1196 3391 1221 3444 ei
1240 3391 1266 3445 ·i·
1285 3392 1406 3457 cortina3
1514 3410 1520 3422 ·

331 3477 405 3547 tina,
425 3479 499 3546 quod
517 3478 547 3533 in
562 3480 627 3533 aula
636 3479 733 3532 Athsli
746 3478 820 3548 regis
918 3478 992 3532 unde
1004 3477 1134 3532 Claudius
1145 3479 1327 3534 Claudianus:
1341 3497 1407 3550 pars

331 3566 547 3636 Pergameorum
561 3568 651 3637 primo
662 3567 718 3622 sint
726 3568 820 3622 inuen-
920 3565 1022 3620 aulaeu
1037 3569 1134 3622 tenent
1157 3567 1222 3622 citis
1245 3572 1407 3638 praetexere

331 3659 369 3726 ta,
380 3657 425 3710 vel
434 3657 498 3711 ideo
508 3656 583 3726 quod
595 3657 624 3711 in
635 3657 700 3711 sula
709 3656 821 3712 extendi
919 3654 1016 3710 ramis:
1099 3703 1103 3716 .

331 3746 409 3800 solet.
429 3748 458 3800 et
471 3745 517 3800 hic
531 3746 602 3800 haec
614 3747 729 3802 calaris
749 3763 779 3800 rc
792 3748 821 3801 et
848 3746 876 3798 et
890 3743 936 3798 hic
951 3746 979 3798 et
993 3744 1062 3799 haec
1077 3745 1185 3798 autoris
1194 3746 1223 3798 et
1237 3745 1290 3800 hoc
1302 3747 1404 3800 calare.

331 3836 438 3889 caletus
453 3853 486 3889 ·a·
496 3851 543 3889 um
559 3841 594 3888 1ῑ·
608 3851 622 3889 e
634 3864 640 3877 ·
650 3834 693 3886 sl*
701 3864 706 3876 ·
717 3834 735 3889 s.
750 3836 820 3889 auli·

332 3940 379 3978 cas
396 3943 429 3979 u·
448 3941 495 3978 um
514 3925 542 3978 et
561 3924 657 3978 culeus
676 3942 709 3977 c·
728 3942 775 3979 um
794 3923 819 3977 ·i·

330 4013 441 4082 regalis.
471 4014 542 4068 Item
562 4013 626 4067 aula
645 4012 821 4082 componitur

311 4157 316 4166 ,
326 4103 449 4170 proculo
473 4119 502 4156 ·e·
524 4103 602 4156 locus
626 4104 691 4158 unte
717 4103 819 4171 sulam,

261 4249 472 4262 ....-.-.—....,...

335 4333 354 4402 ¹)
377 4333 479 4388 Nescio
503 4351 570 4386 num
593 4336 691 4388 notum
715 4333 752 4387 sit
774 4332 946 4402 Uguticnem
970 4331 1056 4388 etiam
1081 4332 1196 4387 ‘librum
1222 4332 1256 4387 de
1275 4331 1404 4387 accentu'

264 4421 412 4491 scripsisse.
449 4421 510 4476 Hoc
529 4437 639 4490 quoqne
658 4439 723 4477 usus
743 4424 785 4477 est
803 4423 921 4477 loannes
939 4423 974 4476 de
992 4422 1086 4477 lanua.
1103 4449 1121 4478 υ
