3216 5126
665 341 907 408 4155-

217 503 336 587 culum,
368 501 546 586 nepticula,
582 503 806 587 plaustellum,
843 504 1002 589 scurrula,
1035 503 1159 589 sigilla,
1192 504 1364 590 summula,

217 609 490 695 suspectiuncula,
513 612 743 677 taxatiuncula.
849 646 852 652 ·

304 719 334 783 2.
357 717 395 782 In
410 716 609 784 bibliotheca
624 705 807 784 academica
817 718 1015 784 Bonnensi
1034 719 1187 803 glossarii
1200 720 1363 804 fragmen·

217 826 287 888 tum
302 827 417 907 exstat,
432 824 470 889 de
486 846 548 909 quo
563 825 727 891 Antonius
740 826 851 892 Klette
865 825 900 891 in
914 825 1056 911 catalogi
1070 826 1230 910 particula
1243 826 1259 890 l
1273 849 1303 910 p.
1319 827 1362 892 52

210 921 297 996 ¹haec
319 933 445 996 narrat:
468 930 543 996 ‘217
568 930 635 1017 (62,
649 930 684 1017 d)
708 933 764 998 fol.
783 932 1016 1018 Fragmentum
1040 933 1156 999 codicis
1181 933 1302 998 saeculi
1324 931 1365 1016 X,

215 1032 369 1103 foliorum
387 1039 417 1103 2.
450 1037 610 1104 Glossarii
633 1039 728 1103 latini
751 1040 980 1124 fragmentum.
1016 1039 1151 1123 Incipit:
1174 1041 1258 1106 uideo
1276 1039 1364 1105 iutel-

219 1147 281 1230 lcyo
304 1146 414 1230 scatio,
439 1145 585 1229 explicit:
603 1147 738 1229 paudere
760 1147 814 1212 acl.
855 1145 900 1210 Et
922 1147 1096 1231 utrumque
1119 1147 1236 1212 folium.
1255 1145 1290 1210 in
1314 1168 1364 1210 su·

215 1253 341 1337 periore
373 1256 465 1337 parte
499 1253 701 1337 perforatum
734 1258 797 1339 est,
830 1258 862 1319 et
891 1254 926 1343 in
953 1257 1090 1338 utraque
1123 1255 1243 1338 pagina
1269 1275 1364 1319 versa

217 1361 341 1425 dimidii
373 1361 549 1444 superioris
583 1361 744 1445 scriptura
774 1361 823 1425 ita
855 1360 976 1444 deleta,
1008 1364 1045 1424 ut
1077 1361 1139 1446 vix,
1160 1360 1227 1444 legi
1257 1361 1363 1444 queat.

216 1451 347 1532 Donum
366 1467 490 1533 Trossii
508 1466 736 1532 Hammensis.'
769 1467 881 1543 Qualis
905 1466 1057 1552 glossarii
1078 1452 1154 1551 pars
1179 1466 1221 1530 sit
1242 1465 1362 1549 nescio,

217 1597 288 1640 cum
311 1574 532 1659 fragmentum
554 1573 687 1639 Bonnae
711 1595 814 1656 nuper
836 1573 970 1657 reperiri
992 1565 1059 1637 rion
1082 1571 1234 1656 potuerit.
1317 1614 1323 1631 .

305 1683 334 1746 3.
375 1680 598 1746 Bibliothecae
632 1670 798 1765 gymnasii
830 1679 1174 1762 Francofurtensis
1208 1680 1248 1744 ad
1275 1677 1363 1744 Moe·

215 1812 293 1854 num
301 1787 325 1875 ¹)
354 1789 417 1854 duo
444 1788 526 1853 folia
553 1787 688 1851 membr.
711 1801 806 1852 'saec¹
820 1785 908 1865 XIV,
940 1788 978 1850 ut
1004 1784 1166 1869 videntur,
1198 1785 1363 1870 bipertitis

214 1895 343 1980 paginis
368 1895 488 1978 scripta
514 1893 699 1979 fragmenta
728 1896 803 1957 sunt
831 1891 984 1977 glossarii
1011 1913 1098 1956 mere
1125 1892 1230 1956 latini.
1277 1891 1364 1968 Quae
1473 1930 1477 1945 ›

215 2002 344 2087 quidem
365 2001 446 2066 folia
469 2006 506 2066 ut
528 2001 604 2066 libri
626 2001 861 2084 integumentis
885 1999 1080 2064 inservirent
1102 1997 1256 2063 interiore
1280 2020 1363 2063 mar-

216 2108 292 2192 gine
310 2110 451 2193 privata,
474 2109 590 2192 postea
604 2109 712 2171 autem
730 2106 936 2172 dissolvendo
956 2104 1148 2189 gravissime
1170 2105 1261 2168 laesa
1280 2106 1364 2169 sunt.

216 2213 415 2280 Litterarum
442 2216 520 2280 ordo
549 2215 577 2278 is
606 2215 669 2298 est,
699 2217 737 2278 ut
763 2213 871 2297 priore
899 2213 971 2278 loco
995 2235 1016 2277 a
1038 2234 1053 2277 c
1074 2213 1088 2276 c‘
1110 2233 1127 2276 0
1149 2232 1172 2276 u
1195 2211 1365 2297 vocalium,

215 2326 328 2406 postea
349 2323 478 2388 demum
496 2322 696 2406 reliquarum
720 2320 905 2386 litterarum
923 2321 1008 2385 ratic
1032 2319 1204 2403 habeatur,
1227 2318 1260 2382 id
1279 2319 1365 2403 quod

217 2452 256 2493 ex
279 2429 326 2493 eis
350 2452 431 2518 quae
455 2429 576 2494 subieci
600 2427 755 2513 exemplis
779 2427 849 2512 ipse
872 2428 968 2493 facilc
993 2427 1141 2512 colliges:

261 2535 279 2600 b
300 2535 429 2601 litterae
452 2535 556 2622 partis
586 2538 748 2600 extremae
777 2535 907 2618 glossae
935 2556 1001 2601 non
1025 2557 1044 2597 a
1066 2533 1117 2597 bu-
1141 2532 1192 2597 vel
1216 2532 1278 2617 bu,
1309 2533 1365 2597 sed

328 2665 348 2708 a
367 2644 416 2708 br-
435 2643 608 2738 incipiunt:
631 2642 712 2728 ute,
730 2642 838 2722 brou,
857 2641 994 2719 buccas,
1013 2640 1137 2719 braama,
1161 2639 1365 2719 mundatum,

328 2750 449 2836 brucia,
472 2751 591 2833 brutum

261 2857 397 2942 caatice,
415 2856 562 2942 caiphas,
580 2877 662 2935 ca0-,
681 2877 845 2939 caucasus,
863 2855 976 2938 cauda,
994 2855 1098 2938 caula,
1113 2875 1237 2940 cauma,
1255 2875 1364 2938 caupo,

328 2985 436 3049 caasa,
459 2964 646 3048 cauterium,
669 2963 747 3047 cah,
770 2983 873 3046 caeca,
898 2964 970 3045 cct.;

226 3113 233 3142 Ι
262 3070 407 3155 cacabra,
430 3070 607 3154 cacclticus,
630 3071 717 3148 cuce,
741 3089 949 3148 caco-‚‚cacu-,
973 3088 1113 3153 cameos,

262 3177 353 3261 cala,
378 3179 493 3262 calcth,
520 3178 607 3257 cali,
630 3175 718 3255 calca,
742 3177 832 3261 calu,
856 3176 948 3248 calc,
971 3175 1056 3258 call,
1079 3174 1235 3259 calmana,
1258 3176 1365 3261 culpis,

329 3284 411 3362 cult,
434 3285 554 3368 calcus,
577 3285 662 3367 culu3

263 3391 343 3470 cole,
367 3391 447 3470 coll,
470 3392 554 3470 colo,
577 3392 667 3477 colu,
689 3391 776 3470 cole,
793 3390 874 3455 coll.

219 3495 374 3580 Spectant
396 3497 476 3564 haec
499 3498 578 3563 folia
600 3499 640 3563 ad
663 3499 680 3564 b
704 3496 760 3585 (acl
784 3520 855 3564 eam
878 3496 961 3561 nihil
984 3496 1047 3561 nisi
1069 3495 1143 3562 folii
1166 3496 1226 3560 11,
1248 3518 1365 3561 novem

221 3601 348 3690 versus)
364 3587 405 3668 'et
427 3626 443 3670 c
465 3607 601 3671 litteras.
647 3604 717 3669 Iam
746 3627 819 3670 cum
846 3602 964 3688 prioris
992 3602 1065 3667 folii
1093 3603 1222 3686 glossae
1250 3601 1324 3666 inde
1348 3627 1368 3668 a

219 3711 292 3776 brit·
319 3733 420 3795 usque
449 3712 488 3776 ad
516 3713 664 3778 camella:
687 3732 746 3777 acas
773 3713 816 3776 acl
841 3709 1050 3792 uulpcaduru,
1084 3709 1216 3773 alterius
1245 3708 1319 3772 inde
1348 3732 1367 3772 a

220 3818 276 3882 cis-
294 3819 456 3902 usquead
474 3819 635 3884 collobium
653 3818 850 3902 pertineant,
873 3838 974 3881 unum
992 3815 1109 3880 folium
1128 3814 1213 3879 inter
1231 3836 1269 3879 ea
1289 3814 1367 3880 olim

221 3923 406 3989 interfuisse
430 3926 572 4010 videtur,
594 3928 632 3990 ut
653 3924 707 4042 hic
731 3924 809 3988 ordo
832 3921 1048 4008 probabiliter
1072 3921 1226 3988 constitui
1248 3922 1367 4006 possit:

236 4153 239 4160 ·
295 4119 314 4190 ¹)
333 4119 409 4196 Duos
428 4121 457 4175 et
474 4118 577 4189 viginti
590 4118 719 4173 soliorum
733 4116 998 4187 manuscriptorum
1015 4113 1160 4169 fasciculos
1178 4114 1367 4170 bibliothecae

220 4209 446 4264 Franccsurtensi
465 4226 482 4263 a
501 4207 620 4279 Georgio
638 4208 721 4262 Kloss
739 4208 857 4262 donatos
875 4205 1011 4260 henricus
1030 4203 1155 4273 Rumpf
1174 4203 1321 4274 indagavit
1339 4206 1369 4265 et

221 4297 437 4368 programmatis
460 4297 697 4352 Franoofurtensis
720 4313 744 4351 a.
766 4302 835 4352 1868
860 4295 940 4350 ‘Tres
958 4293 1216 4349 commentationes
1240 4292 1368 4363 inscripti

220 4386 313 4456 prima
330 4388 410 4456 parte
429 4403 501 4456 quae
520 4387 563 4440 est
583 4385 629 4440 ‘de
647 4385 722 4440 foliis
740 4384 906 4455 quibusdam
924 4402 961 4437 m.
980 4382 1103 4453 scriptis,
1126 4399 1198 4452 quae
1215 4381 1352 4438 in·biblio
1465 4463 1467 4472 Ι

222 4477 304 4534 theca
322 4495 417 4549 gymn.
435 4476 533 4532 Franc.
553 4477 708 4534 servantur’
729 4495 757 4548 p.
773 4481 859 4532 1-18
879 4472 1033 4545 descripsit.
