3232 5122
669 347 713 409 k-
763 311 828 375 aaa
877 348 914 357 -

223 469 299 552 plici
319 469 493 553 alphabeto
502 467 526 556 ¹)
551 469 684 535 diversis
709 493 748 534 ex
768 472 935 536 autoribus
954 492 1080 534 necnon
1098 491 1232 552 corpore
1251 471 1368 535 utrius·

223 598 285 660 quc
308 576 388 640 iuris
412 557 538 641 collecti
567 576 606 640 ad
634 577 771 641 latinum
800 599 982 642 sermonem
1009 576 1241 660 capessendum
1268 577 1369 646 utilis·
1418 620 1422 628 -

224 680 343 767 simi'2)
366 683 401 747 in
424 682 717 776 praefatione-ipse
740 682 863 747 indicat
885 683 936 746 his
955 683 1076 748 verbis:
1101 681 1119 746 ἵ
1135 733 1141 746 .
1157 733 1163 748 .
1182 682 1274 747 Licet
1292 705 1368 748 vero

222 789 380 873 Isidorus,
403 790 537 874 Papias,
559 789 653 854 Brito
678 793 710 853 et
728 789 852 854 Alanus
872 789 990 873 aliique
1015 790 1244 874 quamplurimi
1268 791 1368 874 magi-

224 897 283 962 stri
307 897 387 961 satis
412 895 450 958 do
479 895 531 959 his
558 898 794 980 tractaverunt,
822 918 841 958 a
865 895 1002 979 quibus
1031 895 1148 961 etiam
1176 896 1246 961 hoc
1274 919 1367 980 opus

222 1006 417 1087 receptum
442 1005 513 1085 est,
537 1004 682 1066 attamen
706 1003 747 1067 ob
772 1024 902 1068 causam
925 1002 1084 1086 prefatam
1107 1003 1169 1067 hoc
1194 1025 1273 1087 opus
1297 1026 1367 1087 pre·
1423 1031 1434 1054 ·

225 1132 298 1174 sens
323 1107 514 1193 aggrediar?
560 1108 609 1173 Dc
631 1109 721 1193 aliis,
744 1109 833 1174 velut
856 1109 1071 1174 vocabulariis
1095 1107 1247 1196 rerum3),
1274 1132 1367 1175 voca·

222 1216 347 1281 bulario
377 1237 416 1279 ex
445 1212 558 1300 quo⁴)‚
591 1215 741 1300 gemmis,
772 1214 806 1279 id
838 1236 939 1300 genus
973 1216 1136 1281 similibus
1168 1217 1250 1280 nihil
1282 1239 1367 1282 nunc

222 1323 337 1392 addere
360 1323 462 1386 iuvat:
487 1321 596 1405 qualia
613 1323 664 1388 ibi
689 1325 816 1386 exstent
840 1345 998 1408 quamque
1022 1323 1210 1408 plerumque
1233 1323 1365 1408 futtilia,

221 1429 353 1508 ficticia,
381 1428 522 1512 novicia,
552 1450 716 1514 perversa,
743 1433 907 1514 corrupta,
935 1431 1065 1495 omnino
1088 1430 1129 1494 ad
1152 1431 1211 1495 has
1234 1436 1364 1497 nostras

221 1537 426 1622 quaestiones
459 1533 588 1600 inutilia
619 1513 772 1600 facillime
801 1558 818 1599 e
846 1536 1012 1601 Laurentii
1038 1536 1241 1602 Diafenbach
1273 1539 1364 1603 libris

158 1653 166 1666 '
221 1635 320 1728 supra
347 1666 377 1727 p.
397 1643 440 1707 22
469 1642 617 1706 excitatis
649 1643 794 1727 intellegi
826 1647 942 1728 potest.
994 1643 1064 1720 Qua
1092 1643 1131 1709 de
1158 1665 1192 1708 rc
1220 1667 1260 1709 ne
1293 1646 1364 1729 quis

222 1751 320 1815 verba
352 1751 465 1814 nostra
496 1748 579 1814 falso
611 1749 856 1834 interpretetur,
888 1749 1006 1815 diserte
1039 1750 1173 1815 dicimus
1206 1751 1366 1835 glossaria

140 1874 145 1878 ’
221 1855 498 1942 Diefenbachiana
534 1855 631 1920 medii
670 1857 740 1921 aevi
782 1856 957 1921 latinitatis
996 1861 1028 1920 et
1063 1861 1195 1922 nostrae
1233 1858 1364 1943 linguae

221 1962 335 2028 studiis
364 1941 494 2047 egregie
522 1961 678 2028 inservire
705 1984 810 2047 neque
838 1962 885 2026 eis
913 1983 1106 2046 quemquam
1137 1963 1191 2046 qui
1222 1964 1257 2027 in
1284 1965 1363 2031 haec

219 2069 364 2153 inquirat
391 2091 500 2134 carere
526 2090 638 2152 posse:
670 2071 705 2132 at
733 2068 774 2133 ad
803 2068 983 2153 augendam
1014 2069 1160 2153 integrae
1191 2070 1363 2136 latinitatis
1471 2125 1486 2148 ,

220 2176 390 2240 scientiam
410 2179 442 2240 et
465 2175 624 2260 glossaria
647 2175 750 2239 bonae
769 2178 866 2252 notae
885 2177 1110 2261 cognoscenda
1132 2176 1214 2240 nihil
1237 2181 1274 2242 ut
1296 2178 1361 2242 iam

220 2283 358 2347 diximus
381 2283 455 2346 inde
479 2281 645 2346 redrmdat.

295 2458 313 2526 ¹)
333 2458 434 2528 Agitur
453 2456 527 2512 enim
546 2455 666 2526 primum
681 2456 715 2511 de
729 2456 900 2525 nominibus,
919 2457 1020 2513 deinde
1034 2459 1068 2512 de
1090 2458 1193 2515 ‘verbis
1208 2460 1362 2529 ceterisque

218 2547 433 2602 declinabilibus
458 2545 607 2616 partibus’,
632 2545 751 2614 denique
771 2546 805 2599 de
826 2540 973 2615 ‘partibus'
987 2547 1242 2616 indeclinabilibus‚
1266 2549 1362 2603 aduer-
1469 2611 1473 2620 .

218 2638 271 2693 biis
284 2637 429 2706 videlicet,
448 2636 695 2706 propositionibus,
710 2635 951 2700 coniunctionibus
964 2638 994 2690 et
1006 2637 1264 2692 interiectionibus'.
1290 2637 1362 2693 Hinc

9 2723 10 2734 ¹
125 2735 130 2750 ·
218 2729 336 2797 apparet
363 2725 556 2794 breviloquum
580 2725 666 2780 fuisse
692 2725 834 2793 quoddam
863 2725 1132 2781 ‘vocabularium
1157 2727 1277 2795 vetus'‚
1306 2743 1362 2794 quo
1417 2719 1440 2763 -’

134 2877 138 2885 ,
218 2815 380 2869 Matthaeus
397 2813 579 2868 Martinius
604 2813 634 2866 in
656 2812 745 2886 lexico
768 2811 939 2882 philologiae
963 2813 1124 2883 saepissime
1143 2815 1239 2870 utitur.
1276 2815 1361 2870 Nam-

218 2921 271 2972 que
290 2903 365 2958 iuter
383 2901 551 2960 Catholieon,
566 2903 594 2955 et
612 2902 665 2954 hoc
683 2901 906 2968 vocabularium,
925 2902 1000 2970 quod
1021 2901 1131 2957 ‘nactus
1148 2905 1208 2957 erat
1222 2903 1361 2962 abamico

219 2993 291 3061 viro,
313 2992 405 3061 capite
425 2991 454 3044 et
476 2989 552 3044 calce
571 2989 702 3044 mutilum
721 2990 837 3058 antiquo
856 2990 1011 3044 monastico
1030 2991 1193 3054 charactere.
1210 2993 1362 3062 excusum’,

218 3081 289 3135 illud
308 3080 455 3134 discrimen
473 3078 644 3150 intercedere
663 3079 704 3133 ait
721 3079 881 3147 Memmius,
908 3080 983 3148 quod
1003 3079 1044 3133 ‘in
1063 3080 1153 3149 operis
1176 3081 1265 3151 primo
1284 3083 1386 3137 volu-⁴

218 3171 292 3224 ruine
311 3170 484 3239 exponantur
502 3169 628 3238 nomina,
652 3169 773 3224 secundo
787 3169 890 3238 verba,
914 3170 997 3224 tertio
1015 3173 1109 3239 partes
1128 3171 1361 3226 indeclinabiles’.

291 3259 312 3329 2)
332 3258 377 3313 Sic
395 3258 530 3313 subscribi
549 3258 627 3312 solet.

289 3348 309 3417 ³)
328 3347 413 3401 Velut
440 3347 471 3401 in·
498 3347 560 3416 illo,
591 3345 667 3400 cuius
695 3347 853 3416 exemplum
878 3338 1029 3418 Gottingae
1055 3347 1125 3416 vidi,
1152 3351 1288 3404 tractatur
1315 3350 1360 3404 ‘de

217 3437 330 3492 homine
350 3438 378 3490 et
396 3438 430 3491 de
449 3436 566 3491 diuersis
584 3436 726 3491 membris·
738 3436 768 3494 iu
791 3453 824 3490 eo
850 3436 1042 3491 existentibus’
1079 3437 1125 3491 ‘de
1148 3438 1260 3492 homine
1279 3438 1360 3493 etde

83 3563 87 3570 -
135 3593 140 3602 Ι
218 3525 335 3582 diuersis
354 3511 569 3580 conditionibus’
607 3525 653 3578 ‘de
672 3525 907 3596 consanguinibus
925 3527 955 3580 et
973 3526 1113 3580 affinibus’
1141 3527 1195 3581 ·‘de
1220 3544 1313 3597 panno
1331 3530 1362 3582 et

218 3618 252 3672 de
271 3616 315 3670 his
334 3631 387 3683 que
406 3613 584 3682 requiruntur
602 3615 639 3668 ad
656 3614 808 3670 factionem
827 3615 934 3684 panni'‚
955 3604 1015 3669 sim}
1048 3615 1203 3671 Lemmotis
1220 3617 1361 3670 adduntur

216 3707 468 3775 interpretamenta
480 3703 638 3758 vernacula.
668 3704 699 3756 In
718 3704 772 3758 fine
791 3704 877 3758 habes
895 3720 1018 3759 versum:
1040 3704 1124 3758 ‘Laus
1143 3705 1195 3759 dec
1214 3721 1270 3774 pax
1288 3706 1360 3760 uiuis
1439 3709 1441 3712 ’

217 3795 326 3864 requies
340 3796 437 3848 eterna
451 3791 590 3862 sepultis’‚
609 3792 644 3845 de
658 3795 783 3862 tempore
800 3809 865 3848 vero
879 3792 926 3847 vel
944 3792 1006 3846 loco
1021 3791 1100 3846 nihil.
1129 3792 1183 3847 Sed
1198 3795 1361 3864 subscripsit

217 3883 385 3938 rubricator:
424 3880 520 3934 ‘edito
539 3898 557 3951 p
577 3881 751 3936 venerabiles
774 3898 807 3935 ac
825 3879 981 3951 ilggregios
1004 3881 1138 3936 Doctores
1162 3883 1191 3936 et
1213 3882 1361 3951 magistros

216 3970 407 4027 vniucrsitatis
425 3970 508 4024 Wien
528 3985 601 4024 anno
620 3971 664 4024 etc
683 3963 837 4028 Lxxvn'.

289 4061 310 4130 ⁴)
329 4059 491 4129 Appellatio
511 4057 631 4128 repetita
650 4061 693 4114 est
711 4076 728 4113 a
746 4059 844 4129 primis
862 4060 1046 4132 praefationis
1063 4060 1168 4128 verbis,
1192 4077 1263 4129 quae
1281 4061 1360 4118 velut

167 4155 169 4159 ’
215 4150 244 4204 in
261 4150 356 4204 codice
370 4148 579 4205 Vindobonensi
598 4155 666 4203 5167
687 4148 726 4203 sic
746 4151 873 4204 currunt:
893 4149 950 4203 ‘Ex
969 4167 1032 4218 quo
1051 4149 1224 4204 vocabularii
1243 4150 1313 4204 varii
1331 4152 1360 4205 et

216 4237 352 4294 autentici
369 4237 501 4293 videlieet
519 4238 665 4306 Hugwicio
684 4238 844 4292 katholiocn
862 4229 1023 4309 preuiloghs
1042 4239 1104 4294 ...'
1144 4238 1273 4293 Ceterum
1291 4240 1358 4294 Vin·

216 4329 373 4382 deboneuse
391 4327 463 4381 illud
481 4327 647 4398 glossarium
665 4331 775 4382 a.1428
795 4327 931 4398 adfinem
951 4343 1036 4395 usque
1054 4327 1219 4396 perductum
1239 4331 1288 4386 est.
