3178 5122
543 333 874 395 .„41-

185 492 324 574 pendere
347 492 600 557 luculentissime
625 492 839 558 demonstrari
861 495 979 577 potest.
1010 493 1059 558 Ex
1075 491 1230 578 Scaligeri
1249 492 1336 558 enim

187 599 394 664 collectaneis
416 635 463 672 ‚-
489 621 556 662 non
580 621 618 663 ex
642 598 794 663 Vulcanii
817 597 957 663 editione
983 637 1023 644 -
1053 592 1336 683 neglegentissime

186 705 305 770 hausta
328 709 417 789 suut,
446 728 518 770 cum
541 707 703 790 permulta
726 707 808 786 falso
832 707 918 772 lecta
941 707 1007 770 sint
1030 710 1063 770 et
1084 695 1337 771 innumerabilia

187 811 305 876 menda
329 813 575 897 atypographo
599 813 732 877 adiecta.
764 811 845 878 Cum
870 813 949 897 ipsis
973 817 1081 878 autem
1104 814 1223 898 glossis
1247 835 1337 878 con-

188 919 409 1002 glutinatae
451 925 545 984 sunt
582 919 775 1005 Scaligeri
816 921 1091 985 adnotationes
1129 921 1220 984 item
1256 942 1337 1002 cor·

188 1027 453 1111 ruptissimae,
474 1027 559 1091 unde
582 1027 681 1092 chaos
705 1026 960 1109 corruptelarum
978 1030 1091 1092 natum
1111 1049 1181 1093 esse
1198 1049 1264 1092 non
1287 1027 1336 1091 in·

186 1135 270 1199 iuria
293 1134 421 1208 dixeris.
449 1135 548 1208 Velut
562 1135 742 1200 Vulcanius
756 1157 786 1218 p.
802 1135 906 1218 693‚6
931 1136 1015 1199 sicut
1033 1135 1118 1220 apud
1134 1115 1335 1219 Scaligerum

138 1297 139 1301 ,
186 1242 311 1326 legerat
328 1244 438 1307 rimosa
450 1263 543 1308 noces
562 1242 674 1325 edidit,
693 1243 727 1306 in
742 1244 901 1327 excerptis
917 1246 1024 1306 autem
1039 1242 1229 1307 Pithoeanis
1247 1266 1278 1328 p.
1294 1243 1335 1307 tl

186 1349 248 1414 hoc
267 1353 448 1414 monstrum
469 1355 588 1415 exstat:
607 1353 713 1416 riuos:
732 1351 822 1415 mois
836 1351 969 1414 carium.
1001 1347 1172 1414 Sciendum
1187 1353 1236 1414 est
1251 1350 1335 1413 enim

187 1456 228 1520 ad
251 1458 359 1521 riuos:
378 1478 470 1522 naves
485 1455 684 1542 Scaligerum
698 1460 740 1521 ut
758 1458 879 1521 lemma
895 1456 1081 1521 emendaret
1100 1460 1225 1522 cartam
1234 1455 1258 1544 ¹)
1282 1458 1335 1522 ad-

187 1564 364 1647 scripsisse.
388 1565 423 1630 P.
448 1562 524 1652 76²)
547 1566 663 1630 habes:
699 1563 897 1648 suspersam,
920 1565 955 1629 ia
972 1570 1103 1646 potrum
1125 1565 1335 1647 Ispcospodum

187 1670 339 1752 tapetum:
363 1673 507 1757 glossam
524 1693 639 1756 nempe
658 1694 738 1755 quae
758 1676 807 1736 est
823 1673 1019 1754 seispodum:
1039 1673 1182 1753 inpetum
1198 1669 1242 1755 (p.
1262 1671 1336 1755 695,

187 1777 231 1840 30
245 1775 351 1864 Vulc.)
375 1777 518 1863 Scaliger
538 1779 752 1861 lpoospcslum:
777 1781 918 1861 tapetum
937 1778 1100 1842 emendari
1124 1800 1219 1861 posse
1242 1780 1335 1862 puta-

186 1881 319 1969 verat.³)
353 1885 505 1951 Vulcanii
518 1910 549 1971 p.
566 1887 639 1970 698,
656 1887 696 1950 16
720 1886 863 1971 glossam
882 1885 1037 1968 oirpiaol:
1052 1885 1188 1949 roelntro
1205 1887 1336 1968 oirptnis

187 1991 293 2071 inquo
311 1992 442 2077 lactat,
464 2014 545 2078 quae
569 1991 604 2055 in
627 1990 808 2076 ‘excerptis'
829 2014 861 2074 p.
876 1993 917 2056 78
943 1992 988 2055 sic
1009 1990 1095 2054 edita
1114 1994 1163 2054 est
1180 1993 1335 2074 oirpirtalt

186 2097 323 2162 roeolbro
344 2101 525 2168 cadavera
552 2101 683 2198 vtrptots
710 2101 745 2164 io
771 2120 829 2181 quo
855 2097 985 2182 tubitet,
1012 2098 1232 2162 additamento
1258 2099 1336 2164 hinc

187 2203 385 2270 alienissimo
401 2209 529 2270 auctam
543 2204 641 2270 vides.
664 2205 780 2270 Risum
793 2205 931 2274 teneatis
948 2207 1005 2269 -l
1020 2204 1083 2268 Pro
1098 2206 1234 2269 membro
1248 2207 1335 2270 enim

188 2307 333 2395 Scaliger
354 2333 478 2377 camera
501 2312 704 2377 scribendum
732 2295 958 2397 propo-suerat,
986 2311 1070 2376 unde
1093 2313 1244 2376 caduceo
1267 2334 1335 2378 cor-

187 2421 328 2502 ruptum.
358 2417 428 2484 Has
448 2418 606 2506 Scaligeri
630 2420 829 2485 coniecturas
853 2420 952 2484 etiam
970 2417 1150 2483 Vulcanius
1172 2419 1206 2506 in
1226 2418 1335 2484 ‘notis'

261 2683 281 2752 ¹)
300 2684 398 2753 Neque
421 2684 546 2756 Scaliger
568 2688 691 2756 glossam
714 2685 885 2753 emendavit,
914 2702 1004 2754 neque
1028 2683 1065 2738 M.
1085 2683 1232 2738 Martinius
1251 2683 1335 2739 Grae-

187 2773 291 2828 viusve.
313 2774 448 2844 Scaligeri
466 2776 615 2846 [caltinus
630 2775 757 2844 quamvis
769 2773 912 2844 ingeniose
923 2774 1120 2842 excogitatum,
1134 2774 1227 2842 legem
1240 2775 1336 2827 tamen

187 2878 273 2931 supra
290 2880 318 2932 p.
329 2869 362 2916 10
381 2863 554 2931 propositam
573 2864 674 2932 violat,
694 2865 725 2917 ut
739 2862 872 2916 audacius
886 2862 1015 2916 videatur
1029 2880 1113 2931 quam
1132 2862 1192 2916 veri
1210 2860 1335 2916 similius.

187 2951 313 3005 Martinii
340 2953 434 3006 autem
463 2951 630 3022 Graeviique
658 2957 754 3022 ῥῖναεε
782 2968 863 3006 aures
890 2951 956 3004 ferri
978 2968 1034 3004 non
1056 2953 1164 3021 potest,
1192 2967 1256 3004 cum
1279 2950 1336 3004 alia

187 3041 281 3110 glossa
299 3042 389 3095 exstet
402 3041 500 3095 eodem
515 3043 611 3110 aperte
630 3043 759 3111 spectans
778 3039 816 3111 (p.
832 3047 893 3109 693,
903 3046 936 3094 29
957 3040 999 3094 ed.
1013 3039 1117 3117 Vulc.):
1137 3041 1234 3094 riaast
1253 3057 1336 3094 naues

181 3131 237 3183 cel
259 3146 374 3186 massa.
410 3130 484 3184 Nam
503 3131 527 3184 si
549 3132 653 3185 lemma
672 3134 748 3198 ῥῑναε
766 3129 927 3199 scripseris,‘
946 3129 1015 3198 quid
1035 3131 1098 3182 tum
1121 3131 1170 3184 fiet
1187 3131 1228 3184 uel
1246 3146 1336 3184 masso

187 3218 397 3273 additamento?
416 3219 648 3274 Proficiscendum
663 3222 706 3274 est
719 3237 736 3272 a
749 3219 874 3289 pleniore
892 3219 945 3272 hac
964 3218 1112 3286 memoria,
1131 3235 1202 3286 quae
1221 3219 1302 3272 fluxit
1321 3236 1336 3272 e

187 3306 282 3361 codice
296 3307 438 3362 Leidensis
454 3308 519 3363 67Ε
535 3307 691 3375 simillimo,
710 3325 772 3362 cum
787 3308 816 3361 in
829 3308 882 3361 hoc
896 3307 915 3362 f.
931 3308 1120 3377 sarahabeas
1138 3296 1236 3362 ridoss
1250 3324 1337 3361 maes

187 3401 207 3449 a
230 3412 328 3450 masso.
365 3397 424 3451 Iam
448 3414 511 3451 cum
536 3398 646 3466 saepius
670 3416 721 3451 usu
742 3397 850 3464 veniat,
880 3399 911 3452 ut
938 3397 968 3450 in
990 3397 1044 3450 hoc
1067 3395 1201 3465 glossario
1225 3398 1337 3466 praeter

187 3485 331 3555 corruptas
348 3487 455 3555 glossas
473 3487 587 3541 caedem
602 3486 687 3540 etiam
700 3486 828 3555 integrae
844 3488 965 3554 exstent,
984 3504 1051 3539 num
1066 3485 1138 3540 forte
1154 3485 1210 3538 alia
1220 3485 1336 3539 Leiden-

187 3575 225 3628 sis
240 3573 305 3629 671⁴]
325 3575 420 3644 glossa
438 3574 528 3629 simile
546 3574 614 3643 quid
632 3574 750 3629 servarit
768 3575 919 3643 quaeritur.
952 3575 994 3628 Ac
1012 3590 1042 3627 re
1061 3590 1126 3627 vera
1143 3573 1163 3627 f.
1178 3575 1252 3628 50¹b
1272 3573 1337 3627 seri-

187 3665 267 3734 ptum
283 3665 325 3718 est
342 3665 450 3719 rotis:
470 3681 556 3718 uoces
570 3670 590 3718 r‘l
604 3680 695 3718 massa
713 3665 895 3733 liquorum,
915 3665 947 3718 ut
964 3663 1056 3732 ipsum
1075 3662 1129 3716 hoc
1147 3664 1237 3716 relisa
1256 3665 1337 3717 novis

186 3752 335 3806 salmossa
353 3753 491 3821 liquorum
509 3751 727 3822 glossographus
747 3752 814 3807 olim
833 3751 942 3806 dedisse
962 3750 1115 3806 censendus
1135 3749 1179 3805 sit.
1330 3756 1333 3762 '

261 3840 282 3909 ⁹)
302 3846 335 3895 ‘13
356 3843 384 3895 et
403 3848 436 3895 74
459 3842 580 3911 paginae
606 3842 650 3896 bis
676 3843 868 3909 numerantur,
897 3841 945 3895 sed
973 3841 1015 3894 ita
1040 3842 1072 3894 ut
1094 3841 1160 3910 post
1179 3846 1212 3893 74
1234 3840 1335 3894 iterum

187 3931 310 4000 positum
329 3934 462 4000 sequatur
481 3937 513 3985 77
533 3945 672 3985 numerus.
742 3953 747 3962 ·

262 4020 282 4089 ³)
301 4020 431 4074 Nondum
450 4019 599 4075 emendata
617 4022 660 4074 est
677 4021 747 4075 haec
765 4021 866 4089 glossa.
901 4018 1026 4088 Scaliger
1049 4019 1078 4073 et
1096 4016 1239 4072 Reinesius
1265 4018 1335 4087 lyco·

188 4108 323 4176 spadana
342 4109 468 4177 luparum
486 4107 663 4162 scribendum
681 4109 828 4177 putarunt:
847 4109 1045 4162 sarmaticam:
1064 4108 1251 4175 inpetratum,
1270 4108 1333 4161 scis-

187 4195 307 4250 siotama
326 4197 486 4263 lustratum,
510 4197 678 4264 crispatam
697 4197 824 4250 iubatum
846 4195 904 4250 alii.
942 4195 1077 4265 Scaligeri
1098 4196 1161 4250 fons
1178 4195 1233 4250 fuit
1251 4227 1284 4236 -
1303 4199 1335 4251 ut

188 4282 311 4338 breviter
328 4284 429 4352 loquar
447 4314 480 4322 -
500 4283 559 4336 cod.
573 4282 717 4337 Leidensis
736 4284 798 4338 67Ε
816 4283 836 4336 f.
848 4285 938 4352 53'b‚
956 4284 1005 4338 ubi
1023 4284 1123 4337 habes:
1142 4284 1195 4338 scis
1209 4286 1334 4353 partums

188 4371 266 4426 intro
283 4373 399 4441 padam.
427 4372 526 4441 Itaque
545 4373 634 4427 scribe
654 4371 700 4428 oe
715 4373 843 4428 Padome
862 4374 940 4426 intro
955 4373 1078 4430 Padum:
1098 4389 1164 4430 nam
1182 4389 1196 4433 s
1213 4373 1264 4429 illa
1283 4375 1335 4430 soli

190 4461 275 4516 errori
292 4461 441 4518 tribuenda
459 4478 518 4518 esse
536 4461 655 4518 videtur.
