3178 5122
599 1257 959 1332 PRAEMONITA

292 1574 361 1638 Has
392 1574 597 1658 quaestiones
627 1597 683 1639 cur
718 1575 904 1640 scribendas
933 1577 1116 1658 putaverim
1146 1579 1349 1661 paucissimis

200 1681 307 1746 verbis
335 1702 504 1764 exponam.
549 1679 699 1766 Namque
728 1703 801 1746 cum
829 1682 990 1766 glossaria
1017 1682 1122 1746 latina
1150 1683 1242 1748 edere
1270 1684 1350 1748 mihi

200 1787 450 1872 proposuissem,
467 1788 657 1871 perdifficile
676 1789 755 1852 illud
775 1811 855 1872 opus
875 1809 1059 1874 aggressus,
1078 1789 1163 1872 quod
1180 1812 1239 1872 per
1251 1791 1350 1856 trium

200 1895 403 1959 saeculorum
428 1896 568 1978 spatium
593 1894 808 1979 aphilologis
827 1895 1045 1959 desideratum
1070 1899 1103 1958 et
1126 1918 1145 1959 a
1167 1917 1232 1959 non
1251 1897 1350 1962 nullis

199 2005 441 2088 praeparatum,
464 2025 565 2086 usque
590 2003 629 2066 ad
652 2002 737 2066 hunc
760 2005 872 2065 tamen
896 2001 980 2066 diem
1003 2023 1044 2065 ne
1067 2002 1254 2087 inchoatum
1281 2004 1349 2088 qui·

201 2109 274 2172 dem
296 2113 358 2192 est,
389 2114 465 2193 post
497 2111 549 2172 sat
578 2108 675 2172 breve
710 2107 852 2172 studium
884 2108 947 2191 ipsi
981 2109 1107 2192 corpori
1138 2110 1348 2194 prodromum

201 2215 473 2299 praemittendum
487 2237 557 2279 esse
570 2215 732 2300 perspexi,
746 2215 786 2278 ad
805 2214 869 2278 tria
888 2215 1026 2279 maxime
1045 2236 1118 2279 eum
1137 2220 1349 2298 spectantem.

215 2333 218 2338 '
287 2322 397 2408 Atque
420 2325 560 2407 primum
584 2321 712 2408 quidem
740 2317 877 2406 sparsim
905 2321 968 2386 huc
998 2343 1100 2406 usque
1123 2321 1348 2408 evulgatorum

162 2449 165 2454 ·
199 2452 267 2494 non
285 2429 355 2494 dico
375 2432 504 2513 plenam
524 2428 781 2494 aestimationem
804 2432 836 2492 et
853 2428 951 2508 κρίειν
971 2449 1128 2513 severam,
1147 2429 1202 2493 sed
1221 2431 1272 2494 vel
1291 2452 1348 2496 no·

192 2537 305 2605 titiam
325 2538 433 2622 aliqua
448 2541 532 2601 certe
555 2557 594 2600 ex
617 2539 712 2620 parte
740 2534 953 2600 sufficientem
976 2535 1095 2599 frustra
1117 2525 1348 2619 quaesiveram.

200 2643 313 2728 ltaque
336 2666 409 2708 cum
432 2665 473 2707 ne
496 2665 550 2708 eos
574 2642 716 2727 quidem,
736 2664 872 2726 quorum
891 2645 961 2706 erat
978 2642 1028 2705 illi
1047 2642 1093 2705 rei
1112 2663 1242 2726 operam
1262 2643 1347 2728 dare,

199 2754 326 2834 praeter
349 2751 415 2814 iam
439 2751 558 2814 dudum
581 2749 743 2814 tralaticia
770 2749 926 2834 novisque
954 2748 1115 2813 erroribus
1139 2753 1233 2814 aucta
1257 2750 1346 2834 quid-

200 2881 297 2942 quam
325 2857 474 2922 exhibere
503 2857 740 2942 cognovissem,
771 2857 806 2920 in
833 2877 883 2919 me
911 2857 1019 2940 ipsum
1047 2843 1113 2920 vidi
1136 2856 1347 2942 indagandae,

199 2964 412 3050 colligendae,
443 2963 658 3028 recensendae
688 2962 841 3027 materiae
873 2983 940 3026 non
969 2963 1038 3026 leve
1071 2984 1152 3027 onus
1184 2963 1346 3048 integrum

199 3071 438 3155 suscipiendum
462 3091 541 3136 esse.
586 3069 679 3146 Quod
706 3068 836 3152 quidem
863 3069 1031 3154 negotium
1059 3072 1096 3133 ut
1117 3069 1218 3152 probe
1242 3071 1346 3136 absol-

198 3202 306 3243 verem
336 3179 377 3244 ad
407 3179 485 3243 artis
516 3176 770 3262 typographicae
800 3180 836 3240 ut
863 3176 911 3240 ita
938 3175 1041 3240 dicam
1070 3175 1242 3241 infantiam
1265 3178 1346 3242 redii

200 3291 296 3369 atque
320 3284 355 3348 in
378 3283 589 3367 multiplicem
617 3286 649 3346 et
676 3283 861 3347 intricatam
883 3280 962 3346 XVI
985 3282 1123 3347 maxime
1147 3284 1268 3348 saeculi
1291 3285 1345 3349 ad-

200 3391 427 3475 versariorum,
455 3390 772 3474 commentariorum,
801 3389 954 3454 similium
983 3389 1194 3474 scriptionum
1218 3391 1345 3475 copiam
1433 3425 1436 3432 ⁴

198 3522 249 3564 me
279 3498 451 3564 insinuavi.
499 3497 551 3562 Ita
585 3519 658 3561 cum
687 3496 811 3561 factum
841 3497 884 3561 sit
914 3498 952 3560 ut
981 3497 1015 3559 in
1045 3518 1110 3561 non
1138 3520 1242 3581 pauca
1269 3520 1345 3564 casu

197 3606 306 3690 potius
331 3628 429 3690 quam
451 3604 699 3670 ratiocinatione
727 3605 841 3668 ductus
864 3602 1051 3686 inciderem,
1071 3604 1149 3668 satis
1169 3605 1271 3668 multa
1293 3627 1345 3670 me

198 3712 321 3798 fugisse
344 3734 410 3776 non
434 3712 531 3776 modo
555 3715 620 3776 veri
647 3711 764 3790 simile,
788 3710 843 3774 sed
867 3711 946 3774 adeo
971 3713 1093 3775 certum
1118 3714 1180 3775 est:
1204 3711 1249 3776 eit
1264 3711 1344 3792 ἀνὴρ

198 3819 237 3883 οὐ
261 3816 356 3884 πάνθ’
379 3817 447 3902 ὁρᾷ.

288 3924 358 4001 Quo
387 3927 495 3988 autem
528 3923 626 3987 altius
658 3923 693 3987 in
720 3923 800 3988 haec
832 3923 940 3986 studia
967 3923 1187 4014 incredibilem
1215 3925 1249 3988 in
1276 3947 1343 3988 mo·

199 4031 275 4095 dum
298 4030 447 4116 neglecta
473 4030 696 4115 penetrabam,
728 4053 766 4094 eo
793 4030 921 4114 planius
954 4030 1034 4095 mihi
1063 4032 1240 4115 apparebat
1273 4031 1343 4095 sine

198 4137 353 4202 librorum
382 4159 481 4201 manu
509 4136 704 4220 scriptorum
732 4158 792 4222 ope
819 4137 857 4200 de
881 4137 1048 4222 glossariis
1072 4136 1184 4201 latinis
1207 4137 1343 4202 iudicari

198 4244 329 4309 omnino
353 4266 419 4309 non
442 4265 546 4329 posse.
591 4243 722 4309 Etenim
752 4267 832 4330 quae
857 4246 944 4310 edita
965 4246 1122 4310 habemus
1150 4267 1252 4329 paene
1276 4267 1341 4309 om-

197 4351 253 4432 nia
270 4373 336 4416 non
354 4351 481 4416 reddita
499 4350 639 4417 fontium
654 4352 780 4416 ratione
799 4355 948 4436 excerpta
967 4356 999 4416 et
1017 4352 1195 4416 miserrime
1212 4352 1343 4417 turbata

198 4462 286 4539 sunt,
310 4458 404 4524 editis
427 4480 503 4522 vero
527 4458 669 4523 nondum
693 4459 846 4544 evulgata
870 4462 940 4524 eta
963 4460 1108 4525 bonitate
1132 4462 1165 4523 et
1184 4461 1224 4524 ab
1249 4459 1342 4523 uber·
