3232 5122
675 359 717 368 -
766 322 916 386 rer-
1007 397 1010 406 ,

224 480 273 543 uti
318 480 397 544 mihi
449 480 571 545 liceret.
635 480 734 546 Cuius
781 482 897 547 titulus
942 481 995 546 hic
1042 486 1109 566 est,
1153 483 1371 548 circumdatus

135 653 139 662 ,
224 586 279 650 ille
319 584 441 652 ‘Marci
476 584 573 672 Imp,
609 587 815 671 Aristotelia,
857 587 1015 673 Socratis,
1052 587 1154 653 Salvii
1191 589 1252 654 Iul.
1284 589 1371 655 Iure-

223 715 308 759 cona
335 693 442 776 Rom,
474 691 621 779 Oalepini
654 694 819 760 auditorii'
852 695 1065 782 imaginibus:
1088 694 1273 781 t‘AMBRl
1301 694 1370 762 OA-

218 787 372 865 'LEPINI
393 801 397 883 Ι
417 799 622 888 LEXIJOON
638 799 642 888 Ι
660 799 798 887 Recens,
821 802 952 866 candori
975 802 1113 887 pristino
1131 799 1135 889 Ι
1151 803 1347 868 restitutum.
1363 801 1367 891 Ι

221 907 428 991 Praescripta
455 909 504 973 illi
527 907 683 974 VOOVM
708 907 713 992 Ι
738 932 824 974 mere
848 909 1039 975 Latinarum
1062 909 1187 974 Graeca
1206 909 1211 993 Ι
1235 931 1369 975 nomen·

221 1014 361 1106 elatura,
389 1015 459 1080 uice
480 1019 484 1096 Ι
505 1015 662 1100 Auctarij.
687 1016 692 1100 Ι
717 1015 907 1082 ARGENT.
937 1015 1021 1100 apud
1030 1016 1050 1100 ,Ι
1074 1015 1229 1081 Ioannem
1254 1015 1368 1083 Schot-

220 1125 299 1186 tum.
325 1121 330 1202 Ι
356 1121 451 1186 Anno
480 1137 517 1190 M.
539 1137 572 1192 Ι).
594 1121 736 1192 xxxvn’
747 1120 780 1209 ¹).
830 1121 895 1188 Ubi
928 1145 1011 1208 quae
1044 1124 1083 1187 de
1116 1123 1248 1188 ‘vocum
1280 1145 1368 1188 mere

221 1229 397 1294 latinarum
416 1249 533 1313 graeca
551 1231 797 1300 nomenclatura
820 1229 889 1294 vice
912 1227 1060 1294 auctarii'
1080 1229 1190 1294 addita
1209 1230 1368 1316 legebam,

219 1357 285 1401 non
298 1337 510 1420 removebant
528 1339 614 1400 certe
634 1336 862 1419 suspicionem,
881 1337 1046 1420 augebant
1065 1340 1174 1401 autem
1194 1337 1367 1404 admodum

220 1465 301 1526 quae
325 1443 359 1506 in
380 1444 443 1508 fine
462 1443 557 1508 huius
577 1442 865 1509 ‘nomenclaturae'
889 1442 993 1528 (cuius
1012 1443 1162 1528 quaterni
1181 1444 1367 1529 glossarum

219 1549 348 1614 ordines
375 1550 410 1614 in
438 1549 574 1634 singulis
602 1551 732 1635 paginis
759 1550 902 1614 numeris
930 1572 996 1614 non
1026 1550 1193 1634 insignitis
1222 1551 1366 1637 exstant)

217 1663 292 1740 post
316 1656 494 1722 Vlitterac
522 1658 648 1741 glossas
677 1658 824 1722 subiecta
852 1657 1066 1741 reperiebam:
1104 1656 1152 1721 ‘X
1173 1657 1196 1722 tc
1219 1658 1260 1743 Z,
1288 1680 1365 1741 quo·

215 1763 303 1827 niam
327 1763 370 1827 nd
393 1764 458 1828 nisi
481 1786 575 1828 uoces
598 1786 691 1828 mere
709 1785 842 1848 graecas
865 1764 1001 1847 habent,
1032 1786 1071 1828 ex
1094 1765 1241 1848 professo
1264 1765 1365 1830 missa

215 1869 364 1955 fecimus,
401 1870 649 1936 remittentes
682 1873 726 1936 ad
756 1871 898 1936 Lexica
932 1870 1218 1942 Graeculatina.
1259 1851 1386 1937 aloes

216 1975 308 2052 Quod
340 1982 449 2042 autem
482 2001 595 2043 verum
625 1978 721 2044 huius
756 1976 981 2043 ‘onomastici’
1015 1977 1187 2042 consilium
1219 1998 1363 2062 quaeque

215 2084 299 2148 ratic
324 2084 380 2167 sit,
402 2081 536 2168 planum
560 2088 593 2150 et
614 2085 822 2170 perspicuum
840 2085 878 2149 fit
898 2083 1009 2149 Iacobi
1029 2082 1159 2168 Spiegel
1182 2083 1361 2167 praesentis

214 2191 322 2255 verbis
358 2191 448 2256 hisce
486 2190 646 2280 (f01.1v):
683 2192 758 2257 ‘Iac
792 2190 922 2276 Spiegel
960 2189 1168 2256 Selestadien.
1200 2190 1363 2256 Iurecona

178 2320 184 2330 ·
215 2295 306 2362 Caes
329 2294 513 2384 Regiusque
538 2300 578 2364 ab
601 2299 774 2384 Epistolis,
798 2298 927 2363 Lectori
955 2296 1100 2362 Candido
1125 2295 1155 2363 S.
1175 2296 1210 2362 P.
1245 2297 1361 2363 Emen-

190 2405 373 2478 ,datiorem
404 2406 478 2491 tihi,
512 2407 657 2492 quisquis
690 2429 724 2472 es
757 2404 890 2471 candide
923 2405 1038 2488 lector,
1073 2404 1243 2469 authorem
1267 2405 1361 2471 hunc

213 2511 388 2577 etiamnum
421 2513 542 2598 recepti
575 2513 717 2578 nominis
749 2513 783 2576 in
814 2512 927 2595 ltalia,
964 2513 1160 2595 optimarum
1192 2511 1360 2577 literarum

213 2640 287 2683 vere
309 2623 444 2702 parente
468 2625 564 2704 atque
588 2619 714 2703 altrice,
738 2643 757 2682 a
775 2618 886 2683 multis
910 2641 948 2682 eo
972 2641 1034 2702 quo
1057 2618 1148 2682 vides
1172 2618 1359 2684 charactere

213 2725 453 2810 desyderatum,
477 2727 528 2791 cui
551 2729 587 2790 ut
609 2726 692 2791 nihil
716 2726 917 2790 subtractum
935 2726 983 2789 ita
1001 2729 1034 2828 et
1052 2723 1135 2790 nihil
1155 2722 1252 2789 alieni
1272 2726 1358 2790 addi-

212 2835 294 2915 tum,
317 2832 487 2898 bonafide
512 2833 688 2898 offerimus:
713 2835 809 2917 atque
832 2833 859 2897 is
883 2833 958 2896 talis
978 2853 1049 2896 ecce
1069 2831 1173 2915 qualis
1198 2833 1239 2897 ab
1262 2833 1357 2898 initio

212 3047 424 3056 *-

284 3202 302 3270 1Ι
321 3202 434 3258 Erravit
452 3204 539 3274 igitur
557 3203 722 3273 Vulcanius,
747 3222 811 3258 cum
829 3221 885 3258 non
904 3221 929 3258 a.
951 3210 1018 3258 1536
1042 3203 1146 3274 editus,
1170 3204 1219 3260 sed
1238 3207 1355 3260 exeunte

210 3291 322 3346 demum
336 3310 430 3348 mense
444 3293 590 3348 novembri
604 3299 709 3350 a1537
724 3311 811 3362 usque
826 3287 963 3348 adfinem
982 3292 1133 3362 perductus
1152 3293 1196 3347 sit.
1225 3293 1355 3348 Ceterum

208 3379 238 3434 in
256 3381 311 3435 fine
332 3380 504 3437 Onomastici
522 3383 608 3437 habes
628 3383 778 3438 ‘Ambrosii
797 3382 925 3450 Calepini
947 3382 1035 3436 vitam
1059 3399 1092 3436 ex
1117 3381 1307 3436 additionibus
1325 3384 1355 3437 in

208 3471 322 3539 librum,
347 3488 431 3540 quem
454 3473 570 3526 loannes
593 3471 744 3526 Tritemius
768 3469 802 3524 de
825 3469 1029 3526 Ecclesiasticis
1052 3471 1233 3543 scriptoribus
1256 3471 1351 3546 edidit,

208 3559 394 3628 excerptam’3
408 3559 456 3614 tol.
465 3576 534 3614 vere.
544 3576 664 3614 vacuum
679 3559 782 3630 excipit
793 3559 919 3630 Calepini
933 3560 1049 3628 lexicon,
1061 3559 1139 3614 cuius
1152 3559 1182 3614 in
1192 3560 1268 3614 calce
1282 3561 1353 3616 haec

208 3649 312 3719 scripta
339 3650 414 3704 eunt:
431 3647 613 3712 ,‘ARGENT.
637 3648 711 3717 apud
734 3639 866 3703 loannem
886 3648 1045 3716 Schottum,
1068 3649 1173 3717 penult.
1191 3650 1195 3717 Ι
1216 3648 1351 3705 Nouemb.

206 3739 287 3792 Anno
305 3738 343 3796 M.
357 3738 389 3792 D.
405 3736 557 3791 XXXVII’.
590 3736 723 3806 Sequitur
742 3737 994 3792 ‘APOSTROPHE
1014 3736 1051 3791 ad
1065 3736 1190 3794 Librum.
1208 3741 1211 3807 Ι
1228 3738 1241 3789 Ι
1260 3738 1350 3809 Liber,

207 3826 390 3882 CALEPINO
409 3828 458 3881 tuo
477 3827 546 3881 haec
564 3826 645 3882 refer.
682 3826 716 3882 Se
736 3827 849 3882 candori
870 3825 1001 3896 pristino,
1025 3828 1054 3881 et
1070 3827 1073 3894 Ι
1090 3843 1159 3894 quos
1178 3829 1243 3895 post
1260 3827 1350 3882 Euan-

206 3915 335 3986 gelistae,
364 3916 536 3984 Paulumque
564 3915 677 3986 publico
701 3915 758 3970 iam
783 3916 849 3971 olim
873 3916 1015 3987 conlsensu
1038 3915 1165 3984 receptos
1189 3914 1350 3972 Catholicae

205 4004 348 4060 Ecclesiae
366 4005 513 4074 Doctores,
533 4005 617 4060 testes
637 4003 796 4076 citaluerat,
815 4003 871 4058 suis
889 4004 1041 4059 honoribus
1059 4003 1215 4071 restitutos,

561 4091 703 4162 Originem
794 4093 972 4156 Ambrosium

560 4181 730 4253 cyprianum
793 4181 981 4252 Augustinum

558 4272 759 4340 Hieronymum
794 4271 916 4326 Leonem

558 4362 710 4416 Damasum
793 4359 899 4414 Bedam

203 4409 352 4521 Iosephbm
371 4451 452 4522 item,
471 4451 598 4509 Boetium
618 4451 647 4508 et
665 4452 771 4528 ceteros
789 4449 819 4503 id
837 4467 924 4524 genus
943 4450 1119 4530 Scriptorea',
