3222 5122
728 341 765 350 -
817 305 969 370 320-

281 467 389 527 autem
412 461 653 547 tergiversari.
699 461 732 527 Si
757 465 797 529 ad
822 464 943 529 animal
970 463 1075 528 redire
1099 463 1243 547 volebat,
1270 463 1423 546 probabi-

280 570 343 634 lius
371 571 407 635 ni
433 569 531 637 fallor
559 571 597 634 de
625 570 715 635 boon
745 570 904 655 serpentis
932 569 1089 634 tortuosis
1118 569 1343 655 intricatisque
1371 592 1423 636 vo-

75 705 79 714 ·
196 726 198 730 .
279 677 456 743 luminibus
481 677 624 763 cogitare
647 681 784 762 poterat.

369 783 431 849 Sed
454 788 492 849 ut
515 785 555 849 ad
579 785 705 870 glossas
729 783 910 868 redeamus,
941 785 997 868 qui
1020 785 1220 868 reputaverit
1243 784 1329 867 apud
1352 784 1423 848 Pla·

280 892 385 957 cidum
404 889 406 898 ’
422 892 602 956 bovinator:
637 891 796 956 tricosus
827 896 856 955 ei
887 892 1065 957 inconstans
1098 892 1423 974 interpretamentum

278 998 359 1063 illud
383 997 547 1064 ‘tricosus'
572 999 651 1063 satis
674 997 868 1083 exquisitum
887 1020 1011 1062 esse-
1028 1019 1133 1082 neque
1153 998 1238 1063 enim
1257 975 1423 1081 praeterea

278 1127 415 1188 usquam
438 1108 602 1169 servatum
626 1105 737 1168 habes·
752 1141 807 1188 -,
839 1105 868 1169 ei
892 1104 1013 1189 aliquid
1035 1104 1111 1169 hinc
1134 1103 1421 1173 commendationis

279 1211 413 1275 evadere
439 1210 603 1275 videbitur
626 1233 737 1275 eorum
761 1211 975 1294 coniecturae,
1002 1211 1114 1295 quiin
1137 1233 1231 1276 versu
1255 1209 1421 1289 Luciliano

278 1318 477 1401 scripserunt
506 1316 555 1380 bic
581 1319 619 1382 ’si
641 1314 826 1403 iricosn'l)
854 1317 1069 1400 bovinatorque
1092 1339 1146 1404 ore
1168 1317 1318 1400 irnprobn'
1346 1319 1422 1382 dnro

278 1422 368 1508 (libri
384 1423 526 1488 Gelliani
550 1423 616 1487 fere
635 1422 842 1506 birsiricosrm,
864 1421 1008 1489 Noniani
1027 1422 1254 1507 ir'csiiricosns).
1285 1423 1423 1488 Videtur

278 1531 363 1594 enim
387 1529 643 1615 glossographus
668 1551 779 1595 vocem
803 1551 1020 1614 synonymam
1044 1551 1082 1594 ex
1105 1531 1177 1613 ipso
1201 1528 1304 1594 Lucili
1328 1551 1421 1594 versu

278 1637 430 1701 haustam
455 1637 495 1701 ad
518 1627 792 1720 interpretandam
816 1635 954 1700 alteram
978 1635 1173 1700 adhibuisse.

366 1742 454 1808 XVI.
477 1741 620 1806 Lucilius
643 1740 761 1826 XXVI,
776 1744 817 1808 66
842 1741 885 1826 (p.
900 1741 972 1827 85):

439 1849 702 1933 Quandoquidem
734 1849 902 1933 †repperi
933 1850 1060 1935 magnis
1079 1849 1350 1915 ‘conbibonum
1382 1871 1420 1914 ex

1121 1957 1223 2041 copiis

277 2064 329 2127 Ad
356 2063 442 2128 hunc
469 2086 597 2130 versum
622 2067 767 2148 spectare
796 2064 864 2128 cod.
889 2063 1109 2148 sangallensis
1133 2063 1198 2128 912
1222 2088 1252 2148 p.
1272 2065 1313 2130 68
1338 2065 1421 2150 glos-

278 2192 349 2235 sam
371 2171 625 2236 conbibiones:
651 2192 673 2234 o
693 2171 816 2236 nonno
835 2171 909 2236 dicti
927 2171 1094 2254 concedes,
1115 2171 1143 2234 si
1156 2168 1257 2236 Nonii
1271 2194 1301 2255 p.
1315 2172 1367 2256 38,
1381 2172 1418 2234 11

280 2277 377 2342 verba
413 2277 477 2360 ipsi
512 2277 699 2361 fragmento
735 2276 904 2342 Luciliano
941 2271 1120 2361 praemissa
1155 2278 1420 2343 consideraveris:

277 2385 512 2448 concisiones
538 2381 599 2469 (sic
621 2384 697 2449 libri
719 2382 876 2470 Noniani)
903 2389 1075 2464 conpeteres
1098 2405 1118 2447 o
1141 2370 1293 2449 bibendo
1321 2385 1420 2450 dicii.

277 2491 404 2556 Nonius
428 2512 501 2556 cum
525 2490 657 2572 dubium
681 2491 825 2555 situum
848 2494 1035 2575 pervetusto
1062 2490 1112 2556 illi
1136 2491 1296 2575 glossario
1320 2496 1420 2556 mate·

277 2597 361 2660 riam
382 2601 420 2662 ut
440 2597 489 2662 ita
511 2595 616 2660 dicam
639 2597 902 2682 glossematicam
925 2597 1133 2688 praebuerit„
1147 2600 1284 2682 utraque
1303 2619 1422 2664 memo-

277 2705 328 2768 ria
351 2726 390 2768 ex
413 2705 523 2769 eodem
546 2704 637 2768 fonte
660 2704 790 2770 fluxisse
813 2708 931 2788 potest.

365 2828 470 2893 nvn.
501 2827 688 2920 macrobius
719 2805 1083 2914 saumanicis:
1116 2828 1184 2893 <ses
1212 2834 1245 2895 a
1267 2829 1420 2915 nunnus,

278 2958 351 3000 acer
370 2938 403 3000 et
420 2935 583 3001 violentus
607 2940 717 3021 poeta,
736 2936 877 3002 ostendit
896 2936 978 3000 scire
997 2958 1031 3000 se
1049 2935 1134 3000 hunc
1156 2936 1279 3020 piscem
1298 2939 1420 3023 egregii

278 3044 417 3128 saporis,
450 3044 505 3126 qui
536 3044 621 3107 inter
653 3043 732 3107 duos
764 3046 880 3128 pontes
909 3048 1021 3127 captus
1050 3047 1135 3108 esset
1163 3065 1298 3128 eumque
1327 3045 1420 3128 quasi
1503 3063 1506 3068 ·

277 3150 497 3234 ligurritorcm
517 3150 743 3214 catillonem
761 3151 918 3235 appellat,
942 3145 1064 3215 scilicet
1086 3150 1140 3233 qui
1163 3150 1308 3233 proxime
1331 3151 1420 3234 ripas

278 3260 401 3321 stercus
429 3257 703 3322 insectaretur...
734 3255 839 3320 Lucili
861 3278 973 3321 versus
1000 3255 1034 3321 hi
1063 3261 1138 3322 sunt
1162 3257 1237 3338 [inc.
1260 3256 1367 3342 XXII,
1391 3281 1420 3321 v.

155 3389 157 3395 ·
276 3362 319 3426 48
330 3376 399 3446 sqq.
421 3386 452 3446 p.
474 3363 565 3442 138]:

432 3467 573 3553 Fingere
596 3474 777 3555 praeterea,
801 3469 919 3534 adferri
943 3471 1028 3554 quod
1052 3471 1186 3555 quisque
1210 3470 1349 3535 volebat.

435 3565 534 3639 Illum
557 3577 685 3641 sumina
708 3577 867 3641 ducebant
888 3577 1147 3660 atque‘altilium
1171 3577 1259 3661 lanx,

435 3681 530 3746 Hunc
552 3688 668 3765 pontes
691 3683 854 3748 Tiberinu'
877 3683 940 3748 duo
964 3683 1050 3748 inter
1073 3683 1178 3768 captu'
1202 3681 1358 3749 catillo’.

275 3789 336 3854 His
360 3789 394 3854 in
417 3789 564 3854 versibus
587 3788 732 3854 Lucilius
756 3790 837 3854 satis
861 3789 966 3873 lepide
989 3790 1118 3874 lupum
1141 3788 1294 3878 piscem²)
1318 3790 1419 3855 ‘catil-

349 3984 368 4050 ¹)
393 3984 438 4037 bic
456 3984 490 4037 'st
507 3983 623 4038 tricoens
641 3983 665 4038 si
684 3982 833 4053 scribatur,
853 3982 978 4052 proxime
997 3984 1091 4039 accedi
1110 3985 1146 4038 ad
1163 3985 1297 4039 librorum
1314 3999 1419 4037 memo-

278 4070 348 4125 riam
366 4071 424 4125 iam
443 4071 580 4126 Gesnerus
600 4071 717 4127 adnotat
734 4070 763 4125 in
782 4071 924 4128 Thesauro
944 4092 964 4129 s.
983 4093 1009 4129 v.

349 4159 369 4228 ²)
390 4159 430 4215 ef.
449 4159 597 4214 Horatium
616 4177 773 4214 sermonum
792 4160 826 4230 Il,
846 4168 871 4230 2,
887 4168 919 4215 31
930 4180 1003 4231 sqq:

470 4249 556 4304 Unde
569 4250 665 4324 datum
685 4250 784 4319 sentis,
802 4250 885 4320 lupus
903 4251 949 4306 hic
968 4251 1114 4306 Tiberinus
1132 4269 1168 4305 an
1187 4250 1244 4306 alto
1347 4289 1349 4296 ι

471 4338 575 4409 Captus
592 4339 664 4409 hiet,
682 4343 818 4410 pontesue
837 4339 910 4394 inter
927 4340 1047 4394 iactatus
1066 4359 1102 4396 an
1120 4341 1211 4395 amnis

471 4426 551 4481 Ostia
569 4427 742 4482 sub'Tusci?
