3216 5126
662 365 703 374 ....
753 329 813 393 121
868 366 904 373 ...

213 493 372 556 vocabula
409 490 607 554 exhibentes.
653 488 761 572 Atque
798 488 860 551 hae
897 488 1026 572 quidem
1064 510 1136 553 curn
1170 489 1260 553 nullo
1293 489 1358 553 alio

213 599 372 682 glossario
389 633 428 642 -
449 598 564 681 loquor
582 596 706 660 scilicet
725 596 763 658 dc
782 595 843 678 eie,
867 617 948 678 quae
972 616 1057 658 nunc
1082 593 1163 658 mihi
1183 598 1262 658 nota
1282 597 1359 658 sunt

213 704 363 787 —paulo
379 701 498 767 artiore
512 702 759 766 necessitudinis
770 701 899 766 vinculo
909 701 1100 765 coniunctae
1116 723 1186 765 esse
1200 701 1359 784 ridentur,

215 811 283 894 sed,
313 831 510 894 quamquam
542 808 674 872 minime
703 808 819 871 desunt
846 831 927 891 quae
957 809 1036 900 alibi
1064 829 1189 892 quoque
1217 807 1359 891 redeant,

214 919 374 1001 permulta
393 915 546 980 exhibent
564 915 697 998 propria
711 915 961 998 singulariaque.
993 913 1099 998 Atque
1118 918 1154 978 ut
1172 914 1268 978 huius
1287 922 1359 997 pa'r-

133 1091 135 1096 ,
214 1025 264 1096 tis
275 1024 383 1108 priore
406 1022 478 1086 loco
504 1021 650 1103 exempla
673 1020 889 1104 proferamus,
913 1043 1072 1105 nusquam
1090 1022 1215 1105 repperi
1240 1022 1359 1086 bonam

213 1132 304 1195 illam
328 1130 472 1216 glossam
480 1117 504 1214 1)
526 1129 694 1192 sterilium:
717 1148 829 1209 caprae
851 1129 947 1193 hurbe
974 1129 1037 1192 nisi
1068 1129 1101 1192 in
1125 1125 1360 1210 Amploniano¹

214 1261 244 1320 p.
267 1238 342 1321 374,
357 1235 408 1301 55.
453 1232 538 1299 Item
566 1234 744 1318 singulares
774 1257 842 1328 esse
872 1234 1037 1299 sciendum
1066 1238 1116 1298 est
1145 1233 1204 1298 has
1234 1234 1359 1318 glossas

215 1343 356 1424 optimae
389 1345 497 1405 notae:
534 1341 688 1424 cepilepoa
719 1360 851 1406 seeum:
884 1343 1033 1419 emicem,
1065 1341 1184 1423 inperce,
1220 1361 1278 1421 quo
1307 1362 1361 1405 nec

214 1449 346 1531 capellae
371 1453 503 1530 possunt
533 1445 723 1530 aremare)
753 1445 797 1534 (p.
822 1449 896 1533 259,
916 1446 987 1534 88),
1020 1465 1164 1512 mitreus:
1188 1452 1293 1510 curtas
1316 1448 1359 1529 (p.

214 1556 289 1637 349,
308 1553 379 1639 31);
413 1555 528 1620 lituus:
552 1554 695 1619 haculum
721 1555 871 1636 ouprrrele
898 1556 933 1618 ele
954 1551 1063 1636 primo
1085 1558 1177 1636 parte
1200 1550 1359 1638 mervam3)

213 1661 257 1746 (p.
273 1663 347 1745 344,
357 1660 427 1747 32),
450 1661 601 1726 herenee:
625 1683 704 1726 sese
719 1661 907 1726 Sabinorum
926 1661 1034 1742 lippae
1049 1657 1092 1744 (p.
1108 1657 1263 1744 336,21);
1287 1659 1358 1723 sim.
1471 1657 1472 1660 ’

212 1769 262 1831 Ex
293 1769 338 1832 eis
372 1771 479 1831 autem
516 1790 597 1850 quae
635 1768 706 1832 aliis
744 1788 869 1850 quoque
906 1767 1076 1850 glossariis
1109 1766 1249 1829 traditae
1283 1768 1359 1828 sunt

213 1875 260 1938 ita
274 1896 339 1939 non
353 1874 458 1937 nullas
473 1895 545 1937 cum
560 1873 734 1937 lectoribus
750 1872 1005 1955 communicabO,
1019 1875 1055 1936 ut
1074 1873 1169 1935 simul
1190 1870 1360 1936 ostendam

215 1981 282 2044 eius
310 1980 397 2045 modi
425 1979 606 2064 glossarum
632 1979 802 2043 selectiora
829 1978 987 2042 vocabula
1015 1978 1236 2041 exhibentium
1260 1979 1359 2042 intc-

214 2107 302 2171 gras
330 2088 452 2150 series
480 2088 514 2151 in
541 2085 796 2171 Amplcnianum
824 2085 1017 2170 glossarium
1044 2075 1184 2168 primuni
1213 2088 1358 2168 receptas

214 2214 292 2256 esse.
329 2192 464 2256 Videbis
488 2193 571 2276 ipse,
595 2191 651 2256 ubi
674 2191 734 2255 hos
759 2213 840 2274 quos
864 2191 987 2255 subieci
1011 2192 1192 2275 glossarum
1216 2191 1358 2254 eiusdem

213 2297 331 2362 indolis
356 2299 483 2363 ordines
506 2299 766 2382 perlustraveris:

320 2428 350 2488 p.
369 2404 443 2486 354,
457 2405 500 2468 44
512 2426 594 2488 sqq.:
640 2404 762 2486 Nepos:
781 2403 963 2488 praepar)

639 2507 752 2574 Nictot
777 2511 856 2575 latro

640 2618 777 2700 Nipellit
801 2619 886 2700 cipri

639 2725 869 2788 Nuadiautur:
893 2731 1046 2789 mereatur

640 2832 775 2895 Nereus:
794 2832 928 2911 palmitio

641 2938 774 3002 Nebrls:
797 2938 915 3002 coriam
938 2940 1020 3002 cerui

452 3099 454 3104 .
640 3045 830 3109 Nasciosas:
854 3046 908 3126 qui
930 3065 1048 3125 uespere
1064 3047 1140 3127 plus
1162 3047 1241 3109 videt

321 3171 351 3232 p.
371 3150 446 3234 349,
460 3151 502 3214 29
514 3170 594 3233 sqq.:
639 3151 867 3214 Mantiealere:
889 3150 1041 3231 fraredure

573 3273 577 3282 '
640 3257 853 3322 Modubae:
880 3258 987 3321 leuiter

640 3364 792 3429 Murcus:
816 3369 921 3429 curbis

640 3471 848 3534 Muleutores:
866 3474 1071 3552 peremptores

640 3577 814 3640 Muleucitz
838 3577 954 3654 iunxit,
978 3577 1086 3658 lipaeil

322 3709 351 3769 p.
371 3684 619 3767 282,159sqq.:
643 3681 755 3748 Olera:
777 3685 948 3767 placidum,
971 3688 1164 3748 mammetem

641 3789 806 3854 Cicurare:
830 3786 1116 3874 muasaelefecerfi)

291 3915 309 3982 ¹)
330 3914 370 3968 cf.
390 3931 474 3982 supra
492 3931 519 3983 p.
536 3919 576 3966 18.

289 4003 309 4070 ²)
328 4002 400 4057 Vide
418 4002 491 4056 infra
511 4001 557 4054 ‘de
575 3998 675 4069 glossis
693 3999 866 4055 Lucilianis’.

289 4089 308 4159 ³)
329 4090 368 4145 Cf.
389 4090 549 4144 Ciceronem
569 4089 603 4142 de
622 4087 676 4141 div.
696 4088 717 4155 Ι,
739 4093 836 4155 17‚30:
865 4089 950 4142 lituus
970 4132 975 4143 .
992 4128 1020 4141 ..
1040 4089 1171 4142 incurvas
1190 4093 1215 4141 et
1233 4090 1324 4144 leuiter
1342 4109 1360 4144 a

215 4195 318 4232 serame
336 4178 455 4246 inflexus
474 4179 595 4233 basillae.

288 4265 309 4333 ⁴)
330 4263 406 4329 Quae
424 4265 453 4318 in
472 4265 515 4319 his
534 4267 563 4319 et
576 4265 616 4319 eis
630 4282 702 4334 quae
715 4266 846 4320 secuntur
859 4264 958 4335 glossis
973 4264 1211 4321 emendaverimus
1225 4267 1360 4322 adnotare

215 4354 330 4424 longum
349 4358 398 4409 est.
1077 4361 1080 4368 '

290 4443 310 4515 5)
331 4443 418 4501 Omisi
436 4444 559 4517 glossam
579 4450 645 4500 161:
665 4445 880 4502 caemaeueiaee
899 4445 1074 4501 eordreestae.
1199 4464 1201 4468 ’
