3216 5126
695 323 939 386 -110—

248 481 365 544 summi
387 481 547 563 incipiunt
569 481 679 565 glosae
703 481 742 546 de
761 480 905 545 affatim'.
941 480 1013 544 Hoc
1028 479 1223 565 glossarium
1236 478 1394 543 Burman-

248 609 309 652 nus
333 588 504 671 descripsit
526 586 621 673 (uod.
640 588 815 653 Burmann.
839 586 888 653 4⁰.
917 586 963 652 5³:
987 585 1084 652 roll
1107 608 1138 669 p.
1159 583 1312 672 1—159),
1337 587 1392 650 sed

247 698 396 777 exparte
419 696 547 758 tantum
571 691 658 778 (inde
679 718 698 759 a
716 697 893 778 tragoediat
917 695 1074 776 coraposito
1094 693 1206 774 fabulo
1227 715 1329 777 usque
1354 692 1394 758 ad

243 801 378 865 zelosos:
401 802 547 884 aclob'pas
557 800 581 888 ¹)
601 803 681 886 ¹ipso
704 801 868 867 Vossiano
896 824 988 867 usus:
1017 801 1120 866 multo
1142 801 1298 866 maiorem
1321 823 1392 885 par-

245 911 312 971 tem
332 929 370 971 ex
389 908 579 993 apographo
595 909 733 994 quodam
748 908 876 974 Heinsii
899 909 1006 993 petiit,
1030 908 1115 994 quod
1138 911 1175 972 ut
1196 909 1395 973 commodior

245 1018 330 1078 esset
353 1016 503 1100 glossarii
522 1039 612 1101 usus,
637 1017 677 1080 ad
702 1037 848 1082 severum
871 1017 1053 1080 litterarum
1068 1015 1213 1080 ordinem
1227 1016 1394 1080 redactum

247 1124 325 1186 erat.
372 1119 434 1186 Sed
460 1121 522 1187 hoc
546 1144 673 1207 quoque
697 1124 886 1208 apographo
909 1145 1010 1208 usque
1034 1123 1075 1187 ad
1103 1117 1200 1186 finem
1223 1122 1244 1187 b
1266 1123 1393 1186 litterae

246 1223 291 1309 (p.
306 1227 349 1291 90
368 1229 549 1313 apographi
563 1228 688 1317 Burm.)
707 1235 834 1295 tantum
853 1253 930 1295 usus
950 1221 1012 1295 est:
1031 1231 1155 1315 reliqua
1174 1221 1393 1315 (pat-159,
1447 1275 1454 1292 ,

246 1335 364 1398 taceat:
383 1337 485 1420 iactet,
503 1338 725 1422 maeatasque
745 1338 786 1402 ad
801 1339 1006 1420 propediantur
1025 1335 1137 1422 mutto)
1158 1359 1195 1400 ex
1215 1335 1394 1421 apographi

246 1439 418 1505 Heinsiani
442 1443 632 1528 apographo
654 1444 824 1509 fluxerunt.
869 1443 969 1509 Vides
999 1466 1096 1529 quam
1125 1465 1192 1508 non
1221 1443 1394 1527 primarius

247 1546 322 1612 fons
346 1548 396 1613 sit.
428 1547 543 1634 ltaque
562 1548 856 1634 Burmannianum,
880 1550 965 1634 quod
988 1573 1053 1614 una
1076 1572 1149 1614 cum
1167 1550 1300 1634 reliquis
1319 1548 1393 1633 Lip-

247 1655 329 1719 siam
356 1657 586 1721 transmissum
613 1658 726 1741 habui,
754 1657 892 1741 amplius
918 1679 985 1722 non
1013 1658 1135 1740 curavi,
1163 1679 1296 1741 sperans
1324 1657 1393 1721 fore

247 1764 283 1826 ut
311 1743 386 1845 'ipso
413 1761 576 1828 Vossiano
608 1763 657 1828 uti
684 1765 802 1829 liceret.
846 1763 952 1828 Didioi
989 1767 1098 1828 autem
1131 1785 1169 1826 ex
1204 1762 1393 1848 apographo

245 1869 301 1934 illo
332 1869 530 1935 Vossianum
563 1874 696 1955 grav'em
728 1873 877 1936 lacunam
910 1893 1043 1955 passum
1072 1893 1155 1953 esse,
1187 1871 1263 1934 inde
1296 1891 1315 1934 a
1341 1869 1393 1950 pi·

246 1997 347 2060 usque
385 1976 426 2040 ad
460 1983 505 2042 ta-
538 1978 605 2042 fere
637 1979 861 2062 pertinentem.
913 1978 1066 2042 Eiusdem
1102 1976 1219 2041 codicis
1256 1976 1392 2041 alterum

247 2083 459 2168 apographon
486 2081 693 2170 (breviatum,
717 2089 754 2150 ut
775 2083 917 2172 videtur)
947 2085 1162 2149 demonstrari
1185 2087 1295 2168 potest
1317 2086 1394 2166 post

246 2191 337 2255 varia
363 2190 433 2255 fata
455 2191 489 2254 in
511 2190 745 2255 bibliothecam
767 2191 957 2256 Leidensem
985 2191 1183 2276 pervenisse,
1211 2193 1249 2253 ut
1274 2211 1393 2254 novum

247 2299 442 2385 glossarium
472 2303 588 2383 postea
616 2301 657 2364 ab
687 2300 799 2365 eodem
825 2300 1013 2365 Burmanno
1043 2299 1248 2381 descriptum.
1294 2293 1393 2360 Cuius

157 2413 164 2424 ’
245 2407 280 2470 in
303 2405 500 2490 apographis
524 2404 599 2489 (vol.
615 2403 645 2470 Ι3
663 2429 694 2490 p.
709 2405 900 2494 329—379)
925 2406 1118 2492 glossarium
1134 2405 1242 2491 ¹habes
1266 2403 1316 2468 ‘ex
1335 2426 1395 2468 ms.

247 2512 406 2597 glossario
439 2510 685 2578 Bonaventurae
717 2512 883 2578 Vulcanii'
916 2513 1117 2601 inscriptum.
1169 2510 1251 2577 Sunt
1287 2514 1394 2575 autem

247 2620 376 2703 glossae
405 2617 562 2683 affatim.
607 2620 814 2684 Burmannus
841 2643 895 2685 eas
919 2618 1120 2705 descripsit2)
1144 2643 1183 2684 ex
1206 2618 1394 2704 apographo

247 2726 381 2793 Davidis
400 2726 598 2810 Ruhnkenii,
622 2726 676 2811 qui
698 2727 852 2792 hauserat
875 2750 913 2792 ex
933 2728 1058 2793 schedis
1072 2727 1140 2792 loh.
1155 2727 1230 2791 Alb.
1244 2725 1395 2790 Fabricii.

247 2834 300 2899 Ad
321 2835 507 2900 Fabricium
535 2833 670 2898 schedae
699 2839 915 2918 pervenerant
938 2859 957 2900 a
979 2834 1139 2899 Reimaro.
1186 2832 1272 2898 Olim
1295 2832 1395 2897 fuisse

247 2941 495 3008 Bonairenturae
509 2940 661 3006 Vulcanii
674 2942 789 3008 titulus
803 2943 979 3026 inscriptus
994 2943 1096 3008 docet.
1126 2940 1271 3004 Primum
1286 2943 1394 3004 autem

246 3048 370 3114 fontem
394 3049 493 3113 fuisse
512 3047 712 3113 Vossianum
730 3049 798 3114 Fol.
818 3050 861 3114 26
883 3050 977 3113 docet
1000 3072 1072 3114 cum
1091 3049 1325 3131 scripturarum
1343 3047 1394 3111 vel

247 3156 281 3219 in
304 3155 400 3219 rebus
424 3155 551 3239 pusillis
575 3175 763 3239 consensus,
787 3157 856 3218 tum
880 3153 1018 3218 maxime
1043 3155 1160 3218 lacuna
1185 3155 1270 3218 inter
1289 3155 1338 3236 pi·
1364 3156 1396 3217 et

248 3267 292 3326 to·
314 3262 424 3344 hians,
447 3283 544 3344 quam
566 3259 721 3325 Vossiani
743 3258 909 3343 propriam
932 3281 1002 3324 esse
1026 3258 1121 3324 modo
1146 3259 1294 3324 vidimus.

336 3368 376 3433 V.
409 3365 517 3432 Codex
540 3364 750 3430 Bernensis
777 3365 842 3430 258
871 3389 912 3430 m.
937 3387 1019 3430 saec.
1043 3365 1073 3430 X
1100 3366 1157 3440 fol.
1181 3366 1201 3430 f.
1221 3367 1396 3431 481-83r

248 3474 397 3540 ‘affatim'
421 3477 547 3559 glossas
576 3474 729 3538 continet.
774 3472 838 3537 Hic
865 3472 948 3536 liber
976 3495 1049 3537 cum
1077 3473 1156 3538 olim
1186 3473 1285 3537 fuerit
1307 3472 1395 3538 Petri

247 3581 395 3647 Danielis
418 3580 547 3666 (postea
560 3579 765 3666 Bongarsii),
787 3579 871 3644 idem
896 3580 1023 3644 videtur
1046 3601 1116 3644 esse
1136 3583 1232 3664 atque
1251 3581 1395 3645 Turnebi

248 3687 348 3753 codex
376 3686 488 3774 (supra
511 3710 542 3752 n.
566 3686 604 3773 1).
651 3685 713 3752 Sed
746 3709 816 3750 cum
847 3686 1015 3751 Tmnebus
1048 3687 1083 3750 in
1114 3687 1244 3752 edendis
1277 3687 1394 3772 glossis

247 3817 314 3860 non
332 3817 435 3879 pauca
452 3794 684 3878 immutaverit,
707 3816 765 3878 pro
786 3796 874 3858 certo
892 3794 954 3858 hoc
974 3798 1142 3882 autumare
1161 3816 1247 3858 nuno
1261 3817 1394 3879 nequeo,

247 3902 439 3988 praesertim
463 3925 535 3967 cum
558 3924 580 3965 o
602 3901 746 3966 litteram
770 3905 897 3968 tantum
921 3902 1115 3985 exscriptam
1137 3898 1319 3988 habeaml).

324 4186 342 4255 ¹)
361 4185 511 4242 Praeterea
529 4203 547 4239 a
565 4183 677 4241 litterae
695 4185 863 4256 particulam
886 4201 919 4240 ex
941 4183 1002 4254 ipso
1022 4184 1118 4240 codice
1141 4184 1171 4238 in
1193 4184 1335 4240 volumine
1353 4201 1393 4239 se-

250 4274 342 4329 cundo'
359 4277 465 4345 (apogr.
485 4275 578 4331 Burm.
599 4278 625 4344 9)
645 4273 800 4345 descripsit.

323 4363 343 4432 ²)
362 4364 439 4418 Haec
458 4364 552 4419 omnia
571 4364 743 4419 Burmannus
762 4365 892 4418 accurate
911 4361 1069 4431 adscripsit.

323 4453 343 4522 ¹³)
361 4452 457 4507 Debeo
475 4453 606 4507 Usenero.
