3216 5126
628 325 867 390 -141-

177 487 295 552 cinon
317 486 522 572 neglegenda
547 466 597 550 cst
624 485 840 570 copiosissimi
872 485 1039 550 cuiusdam
1066 481 1216 570 glossarii
1240 483 1323 548 Lei-

176 593 305 658 densis
328 594 438 677 aliqua
460 615 545 677 pars.
906 676 908 680 .

265 697 383 764 (lodice
398 697 579 762 Leidensi
602 698 820 762 bibliothecae
834 699 981 781 publicae
998 699 1059 762 191
1081 697 1124 782 (v.
1139 698 1322 782 catalogum

176 829 206 888 p.
230 807 294 870 333
302 803 335 891 a)
358 805 492 868 membr.
516 808 583 867 tres
606 805 761 869 materiae
785 805 1032 888 glossematicae
1056 805 1277 868 eontinentur:

268 909 300 996 1)
324 909 562 996 glossarium
586 909 768 972 latinum:
793 910 908 992 incipit
932 909 1084 973 ε1111101013
1105 910 1203 993 abici,
1222 911 1323 993 proici

178 1019 288 1081 abies:
312 1017 383 1082 dan.
407 1017 483 1081 born
534 1016 781 1080 abiciatorium:
812 1014 1042 1099 alphabetum,
1072 1017 1206 1098 explicit
1230 1016 1323 1100 ‘ydor

178 1146 285 1209 grece,
308 1124 411 1187 latine
436 1143 519 1205 aqua
543 1122 674 1204 dicitur3
697 1122 771 1184 inde
795 1121 957 1205 ydropisis
981 1121 1154 1186 infirmitas
1177 1128 1210 1186 et
1232 1124 1324 1206 ydro-

176 1232 266 1314 picus
299 1230 445 1294 infirmus
479 1233 511 1292 et
544 1228 639 1311 ydria
666 1251 723 1292 vas
752 1227 937 1312 aquaticum
987 1230 1110 1312 ystrio:
1143 1230 1324 1295 ioculator'.

177 1337 248 1401 Hoc
271 1337 466 1421 glossarium
490 1356 550 1419 ego
574 1357 640 1400 non
662 1336 748 1399 novi.
794 1335 933 1399 Videtur
955 1358 1022 1401 non
1044 1339 1167 1401 malurn
1191 1359 1269 1400 esse.

266 1441 301 1527 2)
318 1442 437 1506 ‘Festi
457 1440 712 1506 collectanea'
728 1441 800 1504 inde
816 1441 856 1504 ab
873 1440 1061 1525 ‘angustast
1075 1443 1165 1507 locus
1180 1442 1322 1506 sanotns'

175 1571 277 1632 usque
307 1549 346 1612 ad
375 1547 540 1612 ‘zabulust
568 1547 717 1612 diabolus
768 1548 927 1611 zaberna:
951 1548 1114 1613 mantica'.
1159 1548 1322 1632 Excerpta

175 1659 250 1718 sunt
279 1677 295 1717 e
318 1653 421 1718 Paulo
450 1656 555 1737 petita
583 1659 615 1718 et
643 1677 716 1718 cunr
745 1655 818 1718 aliis
849 1654 967 1737 glossis
1001 1653 1120 1742 (bonae
1148 1658 1258 1738 notae,
1286 1659 1322 1718 ut

175 1758 316 1846 videtur)
335 1761 384 1824 ita
403 1763 588 1844 coniuncta,
611 1765 647 1824 ut
661 1760 754 1824 Pauli
774 1760 996 1825 ‘collectanea'
1015 1762 1225 1846 praecedant,
1248 1762 1321 1826 sub-

175 1870 352 1951 sequantur
375 1867 410 1930 in
434 1867 636 1952 singularum
659 1867 843 1930 litterarum
867 1867 984 1931 finibus
1009 1869 1091 1931 aliae
1115 1868 1254 1951 glossae.

265 1972 299 2058 3)
331 1971 517 2057 Copiosum‘
536 1973 731 2056 glossarium
761 1972 890 2056 ‘incipit
916 1974 954 2036 de
982 1974 1118 2038 diversis
1141 1974 1322 2039 vocabulis'

176 2081 376 2164 inscriptum,
396 2081 485 2144 anius
503 2080 610 2162 prima
629 2080 741 2162 glossa
760 2083 822 2145 est:
843 2079 999 2144 ‘Alleluia
1018 2082 1052 2145 in
1070 2081 1209 2144 latinum
1229 2084 1323 2146 sonat

176 2187 303 2250 laudate
323 2187 501 2250 dominum:
524 2185 557 2248 ia
577 2183 675 2249 unum
695 2190 745 2249 est
764 2209 802 2250 ex
821 2186 931 2251 decem
949 2188 1135 2252 nominibus
1157 2186 1220 2270 dei,
1240 2210 1321 2270 quae

176 2293 261 2377 apud
284 2293 451 2356 Hebraeos
475 2291 658 2376 habentur'.
690 2293 729 2355 ln
753 2295 946 2359 severiorem
971 2295 1115 2358 ordinem
1140 2294 1267 2377 redegit
1290 2297 1324 2356 et

176 2400 347 2482 descripsit
361 2398 580 2482 Burmannus,
604 2421 680 2462 usus
704 2399 758 2463 ille
779 2400 921 2463 eiusdem
945 2400 1098 2483 glossarii
1119 2400 1184 2463 alio
1205 2401 1322 2482 codiee,
1403 2457 1410 2471 ,

177 2529 272 2592 quem
305 2510 384 2594 puto
418 2526 487 2568 esse
523 2505 641 2569 librum
678 2505 712 2568 in
736 2505 848 2582 ,Geelii
881 2507 1031 2592 catalogo
1060 2530 1090 2589 p.
1117 2506 1232 2570 15511.
1256 2507 1322 2570 492

177 2603 389 2695 descriptum:
414 2609 538 2674 ‘XVIII
556 2611 626 2676 Per.
646 2611 836 2706 11900011.
856 2609 957 2675 chart.
974 2611 1085 2675 XVIH
1110 2633 1191 2676 saec.
1206 2614 1246 2677 81
1268 2613 1322 2677 fol.

176 2718 285 2785 51140?
319 2717 542 2801 Apographon
564 2721 614 2781 est
632 2717 702 2782 cod.
720 2718 855 2783 membr.
874 2718 952 2782 bibl.
972 2718 1059 2801 publ.
1074 2717 1323 2782 Traiectinae

175 2826 216 2892 N.
231 2825 329 2890 283ss
350 2849 369 2888 a
387 2824 422 2889 P.
437 2823 603 2887 Bondamo
624 2824 815 2887 confectum.
846 2822 1050 2887 Glossarium
1070 2827 1177 2887 autern
1197 2824 1322 2888 duobus

177 2934 265 2997 hisce
296 2931 461 2995 codicibus
472 2929 496 3013 1)
530 2934 694 2994 servatum
722 2930 827 2994 ‘voces
857 2930 988 2994 exbibet
1017 2952 1099 3014 quae
1126 2930 1160 2993 in
1187 2931 1322 3013 vulgata

179 3040 283 3102 latina
306 3037 453 3103 versione
478 3058 502 3099 s.
521 3036 700 3119 scripturae
725 3040 758 3099 et
782 3037 880 3101 etiam
904 3037 938 3099 in
961 3036 1107 3120 prologis
1129 3036 1322 3120 Hieronymi

178 3150 364 3228 occurrunt,
396 3142 570 3207 secundum
603 3143 748 3208 ordinem
781 3141 960 3207 librorum’.
1006 3143 1092 3207 Hine
1123 3144 1212 3216 vides
1240 3144 1322 3207 unde

177 3251 298 3315 factum
323 3251 367 3332 sit
389 3254 426 3313 ut
449 3249 628 3313 excitentur
653 3249 756 3314 ‘vetus
780 3249 899 3314 versio’
924 3247 1214 3336 (frequentissime)
1248 3250 1324 3314 ‘alia

178 3357 290 3422 editio'
322 3355 547 3440 ‘Symmachus
571 3357 604 3419 et
623 3354 839 3419 Theodotion'
868 3355 1106 3440 ‘Septuaginta'
1136 3355 1323 3419 ‘Adrianus'

178 3462 389 3528 ‘Theodorus'
422 3462 516 3527 ‘liber
540 3461 773 3527 Hebraicarum
804 3461 1041 3548 quaestionnm’
1076 3459 1224 3526 ‘Sanctus
1249 3461 1324 3526 Hie-

178 3569 344 3653 ronymus'
382 3568 610 3651 ‘Hieronymus
644 3570 677 3631 in
704 3571 773 3634 vita
801 3563 931 3633 sanetae
960 3565 1100 3632 Paulae'ss
1149 3568 1323 3634 Praeterea

179 3677 355 3740 afferuntur
374 3676 468 3739 ‘liber
484 3674 632 3739 Antonii'
652 3673 829 3760 (5310110),
849 3675 943 3739 ‘liber
958 3675 1150 3739 officiorum’
1169 3673 1323 3759 (410010),

179 3783 274 3846 ‘liber
298 3781 454 3846 rotarnm’
479 3779 666 3867 (1210010),
688 3782 885 3865 Pomponius
907 3778 1105 3867 (Carmelum
1124 3782 1322 3865 Pomponius

178 3890 310 3953 fluvium
343 3887 444 3970 dicit).
497 3887 587 3951 Haec
621 3888 729 3951 omnia
766 3888 806 3951 ad
843 3888 1023 3952 doctrinam
1061 3888 1321 3971 glossematicam

178 3994 436 4078 investigandam
468 3994 551 4057 1111111
583 3993 722 4058 faciunt:
757 3995 811 4057 sed
845 3999 947 4058 restat
977 3995 1125 4078 glossarii
1156 3995 1323 4077 particula,

179 4125 243 4186 qua
257 4103 385 4186 glossae
404 4101 466 4164 hoc
483 4101 612 4164 nomine
631 4123 665 4163 re
679 4122 756 4164 vera
770 4100 887 4183 dignae
907 4101 1123 4164 continentur.
1156 4101 1245 4164 Inter
1263 4101 1322 4166 bas

224 4221 230 4224 -
254 4220 470 4326 ι1)-110-11111111110
490 4257 557 4325 quin
575 4258 669 4325 plures
689 4258 774 4312 etiam
794 4257 903 4311 codices
921 4259 1038 4311 exstent.
1071 4257 1157 4312 Velut
1173 4276 1243 4312 unus
1263 4260 1324 4312 erat

179 4365 263 4415 penes
277 4347 454 4416 Goldastum,
474 4347 565 4415 quiin
580 4347 766 4400 Paraenetieis
780 4365 806 4414 p.
819 4353 869 4400 136
888 4348 958 4400 haec
973 4347 1089 4400 excitat:
1111 4345 1232 4414 ‘glossae
1246 4349 1322 4401 vete-

179 4437 327 4491 1001111111
355 4436 491 4491 Botorum
509 4438 606 4503 faria:
625 4436 753 4503 eloquia'.
790 4435 896 4488 Eadem
915 4435 1008 4504 glossa
1026 4435 1055 4488 in
1073 4434 1202 4489 Leidensi
1220 4436 1322 4490 exstat.
