3232 5122
741 369 795 386 -·
829 303 896 403 aaa
938 375 983 384 -

293 494 411 560 Omnes
435 496 525 562 vides
548 497 659 580 paullo
682 499 847 583 graviores
867 498 1053 563 aPalatino
1072 495 1306 580 discrepantias
1330 491 1436 579 (agre-
1490 499 1493 504 “

293 603 384 688 stica,
403 604 527 688 corion,
546 605 582 668 in
601 605 757 690 singulos3
775 599 952 688 incolatus)
974 641 1012 651 —-
1034 604 1200 668 mittemus
1220 603 1307 666 enim
1327 599 1435 665 ortho-

292 709 461 795 graphica,
493 714 606 794 utpote
637 710 757 775 nullius
791 711 831 775 ad
858 710 942 775 hanc
969 713 1129 776 rationem
1162 707 1436 793 comprobandam

292 818 450 890 momenti
483 855 521 864 —
558 815 764 903 sangallensi
800 840 873 883 cum
907 815 1063 881 Bernensi
1100 815 1434 902 sangermanensique

292 947 477 990 communes
509 947 588 991 esse.
634 924 830 1009 Saepissime
863 928 971 989 autem
1003 925 1132 989 eaedem
1164 922 1336 1006 utrobique
1368 943 1436 985 cor·

291 1032 438 1116 ruptelae
471 1035 611 1097 exstant:
644 1032 699 1096 ubi
727 1032 888 1115 discrepat
919 1032 1087 1115 memoria,
1114 1029 1315 1115 frequentius
1341 1026 1435 1091 Pala-

291 1139 379 1203 tinus
408 1139 553 1226 integras
582 1140 758 1223 scripturas
789 1160 936 1203 servasse
968 1139 1103 1203 videtur.
1150 1136 1351 1219 Quamquam
1382 1132 1436 1197 hic

175 1258 177 1263 '
292 1245 360 1310 illic
384 1246 581 1331 reliquorum
604 1247 762 1312 librorum
785 1246 943 1311 memoria
965 1250 1076 1330 praest
1098 1249 1120 1309 t.

381 1350 412 1437 c)
434 1350 613 1436 Utramque
637 1353 774 1418 classem
798 1354 894 1419 modo
918 1351 1107 1434 discriptam
1126 1373 1164 1415 ex
1184 1373 1249 1416 uno
1272 1349 1361 1414 fonte
1385 1350 1436 1412 sat

292 1461 443 1541 corrupto
471 1459 601 1524 fluxisse
626 1460 679 1524 vel
705 1460 747 1524 oh
771 1460 1028 1543 corruptelarum
1057 1458 1333 1542 apertissimarum
1362 1478 1434 1521 oon·
1504 1443 1507 1446 ¹

239 1629 241 1634 .
291 1587 421 1629 sensum
445 1565 618 1631 admodum
640 1567 708 1631 veri
728 1566 833 1632 simile
853 1569 902 1630 est
909 1616 917 1649 ,
941 1566 1044 1631 multo
1065 1569 1174 1630 autem
1193 1566 1311 1630 certius
1336 1564 1435 1628 etiam

291 1673 394 1737 etita
418 1673 546 1757 quidem
574 1676 611 1736 ut
633 1672 716 1737 nihil
740 1671 954 1737 dubitationis
978 1674 1079 1735 restet
1102 1672 1167 1735 alia
1189 1670 1435 1736 ratiocinatione

290 1778 505 1844 demonstrari
528 1783 645 1863 potest.
691 1779 882 1844 Derivatam
910 1779 996 1842 enim
1024 1799 1103 1850 esse,
1122 1780 1293 1862 utramque
1317 1799 1435 1841 memo·

290 1885 374 1956 riam
398 1907 414 1948 e
434 1885 557 1970 codice,
581 1887 669 1951 cuius
694 1887 844 1951 blittero
867 1886 956 1951 foliis
980 1884 1145 1949 nonnullis
1168 1884 1361 1967 permutatis
1385 1883 1436 1947 vel

292 1991 403 2076 aliqua
435 1992 474 2055 de
507 2015 605 2058 causa
637 1994 730 2058 valde
766 1995 900 2059 turbata
937 1996 1019 2076 erat,
1056 1990 1169 2055 statim
1205 1991 1344 2074 videbis,
1380 1989 1436 2053 ubi

229 2185 231 2190 ,
291 2099 430 2164 indicem
463 2101 701 2185 contemplatus
736 2102 812 2184 eris,
845 2122 939 2184 quem
973 2085 1168 2163 confecimus
1202 2097 1435 2181 principiorum

290 2206 308 2269 l>
330 2206 460 2270 litterae
487 2208 691 2290 lemmatum,
720 2207 804 2270 sicut
831 2207 864 2269 in
888 2205 1037 2271 Palatino
1062 2207 1094 2268 et
1117 2203 1274 2268 Bernensi
1298 2200 1435 2288 Sangar-

291 2308 499 2397 manensique
523 2306 674 2378 ordinata
697 2316 834 2376 exstant.
1042 2299 1044 2305 ¹

449 2451 609 2506 Beruensis:
636 2431 642 2444 ¹
745 2451 938 2521 Sangaman:
1091 2450 1247 2506 Palatinus:

814 2560 862 2614 ba-

815 2647 862 2702 be-

815 2737 863 2791 bo·

814 2826 859 2880 br.
1179 2855 1188 2863 ·

815 2914 863 2967 bu·
985 2913 1032 2983 [de
1051 2914 1069 2967 f.
1091 2918 1146 2968 58v
1165 2915 1194 2967 et
1212 2918 1262 2967 59²
1284 2913 1355 2967 nihil

815 3003 855 3056 bi·
1020 3001 1078 3057 fere
1093 3003 1237 3058 enotatum
1251 3002 1354 3072 habeo]

816 3093 857 3145 bl·
1144 3092 1186 3146 bl·
1277 3139 1279 3145 .

815 3180 864 3233 bo·
984 3179 1031 3250 [de
1050 3179 1068 3234 f.
1089 3187 1140 3234 60r
1166 3180 1237 3234 nihil
1261 3181 1355 3234 enota-

1018 3270 1079 3322 tum
1098 3269 1200 3339 habeo]

781 3385 785 3394 ·
814 3357 854 3411 bi·
1143 3358 1184 3412 bi·

814 3446 864 3501 bu·
947 3467 950 3476 ’
1051 3463 1055 3470 ·
1142 3449 1192 3502 bu-

290 3571 366 3636 Non
393 3574 543 3638 turbatae
573 3576 648 3638 sunt
675 3572 853 3657 particulae
876 3571 892 3635 I
916 3576 949 3637 et
970 3573 1011 3658 V,
1038 3575 1236 3659 reliquarum
1264 3575 1343 3639 ordo
1371 3575 1435 3658 pri-

292 3679 395 3743 stinus
418 3680 471 3745 hic
494 3680 613 3745 fuerat:
641 3678 698 3744 IV.
716 3677 773 3744 ΙΙΙ.
793 3677 839 3762 ΙΙ,
865 3680 1010 3744 omnium
1034 3680 1217 3765 glossarum
1240 3680 1309 3745 hic:
1336 3678 1360 3743 Ι.
1379 3679 1436 3744 IV.

290 3784 347 3849 ΠΙ.
361 3785 402 3849 ΙΙ.
416 3785 455 3851 V.
490 3784 633 3851 Easdem
655 3787 768 3850 turbas
789 3786 825 3848 in
839 3784 1001 3850 Vossiano
1020 3784 1089 3850 Oct.
1104 3787 1148 3850 24
1171 3789 1204 3850 et
1222 3786 1257 3850 in
1276 3787 1435 3871 glossario

291 3914 311 3955 a
335 3891 476 3976 Georgio
505 3892 649 3957 Thomas
678 3915 705 3958 a.
733 3893 815 3957 1868
849 3893 936 3958 edito
965 3893 1170 3978 eiusdemque
1201 3893 1235 3957 in
1268 3893 1336 3958 cod.
1358 3891 1435 3956 Ber-

290 4000 383 4063 nensi
406 4000 469 4064 357
494 4000 638 4084 pleniore
663 3999 819 4064 memoria
842 3999 982 4083 repperi:
1006 4004 1119 4065 contra
1141 4000 1175 4063 in
1199 4001 1359 4085 glossario
1379 3998 1434 4064 Sa·

290 4106 429 4171 lomonis
449 4110 481 4170 et
494 4106 616 4191 Papiae
634 4107 739 4172 lexico
759 4107 837 4171 ordo
857 4128 923 4170 non
942 4108 1049 4171 laesus
1069 4103 1160 4192 ese).
1192 4105 1306 4191 Itaque
1324 4129 1435 4171 omnes

290 4367 386 4437 petitis
408 4370 544 4440 ampliata
568 4374 623 4439 eet,
652 4374 683 4424 ut
705 4371 781 4440 ipsos
805 4389 900 4426 earum
923 4373 1050 4426 auctores
1075 4369 1200 4425 ordinem
1223 4371 1367 4424 turbatum
1386 4387 1435 4424 suo

292 4456 408 4511 oonsilio
428 4457 578 4514 correxisse
597 4458 742 4527 probabile
762 4458 806 4513 sit.
