3232 5122
662 418 705 428 -
753 341 903 448 179}-

302 540 387 625 Lupe'
402 594 408 608 .
424 593 453 607 ..
498 543 701 623 Leontofunos
724 543 818 607 bestia
841 543 961 606 modico
1081 537 1205 623 Lepus.
1222 589 1250 606 ..

229 669 233 678 ·
676 650 712 713 de
733 649 888 712 ommibus
1158 727 1160 730 Ι

301 755 418 825 Menon
439 755 555 818 normis
579 756 647 819 limi
669 757 768 820 dietus
893 755 1077 819 Innmtrims
1127 755 1251 819 Mortes
1295 755 1357 818 Lu·
1422 753 1426 759 ’

213 866 311 925 certus
333 863 439 942 reptile
458 882 555 944 penus
691 860 846 942 [summ]
881 862 1022 926 Lardum
1045 881 1077 924 co
1105 862 1187 942 qood
1211 862 1247 924 in
1269 862 1357 932 domo

211 969 377 1048 repositum
396 974 602 1033 consereretur.
628 989 704 1032 oum
722 968 844 1050 antiqui
862 970 966 1033 domus
986 969 1066 1047 tures
1084 968 1229 1034 dicebaut.
1259 967 1358 1031 Lares

215 1074 316 1152 [caret
338 1073 640 1157 interpretamento]
717 1143 725 1159 ⁸
1160 1149 1163 1156 y
1233 1065 1236 1068 ¹

411 1182 447 1244 de
468 1181 682 1247 instrumentis
704 1187 734 1247 et
754 1183 903 1264 aedificiis
925 1182 1085 1245 domorum
1104 1230 1111 1245 .
1127 1230 1156 1245 ..

213 1285 348 1362 Quando
371 1287 433 1351 hoc
457 1307 572 1369 corpus
591 1288 805 1370 compositum
830 1288 871 1351 sit
893 1286 968 1350 inde
993 1287 1103 1370 colligi
1126 1290 1248 1371 potest,
1271 1287 1356 1371 quod

213 1397 340 1475 praeter
354 1393 512 1476 Plinium,
531 1391 688 1458 Catonem
707 1393 752 1458 ‘in
771 1393 865 1457 libris
885 1393 925 1456 ad
943 1393 1044 1456 filium
1062 1392 1100 1455 de
1119 1393 1191 1475 agri
1211 1392 1357 1475 cultura',

213 1499 359 1564 Servium
383 1498 537 1584 Vergilii,
566 1501 684 1565 librum
712 1499 935 1565 medicinalem
959 1498 1184 1582 Hippocratis,
1208 1497 1358 1562 Orosium

214 1602 266 1689 (de
289 1609 407 1670 natura
430 1604 643 1691 serpentum),
667 1607 900 1670 ecclesiasticos
925 1605 1099 1688 scriptores
1122 1603 1226 1689 (velut
1246 1603 1358 1687 Augu—

159 1737 162 1741 ·
214 1711 348 1796 stinum,
370 1711 622 1797 Hieronymum,
642 1712 866 1797 Ambrosium,
890 1709 1098 1796 Gregorium,
1121 1712 1257 1795 Bedam,
1279 1708 1356 1774 Cas-

214 1817 403 1902 siodorium,
421 1816 597 1903 Isidorum)
617 1820 795 1883 afferuntur
805 1818 909 1882 'etiam
924 1818 1079 1883 Alcuinus
1084 1869 1093 1901 ,
1107 1817 1274 1903 Ravanusr,
1293 1818 1358 1882 col·

206 1922 292 1996 ,latio
308 1924 437 1988 abbatis
452 1923 622 2009 Theodori,
640 1925 723 1990 liber
736 1924 860 2008 primus
875 1924 1007 1988 canonis
1022 1923 1201 2008 Halitgarii
1215 1925 1358 2009 episcopi

214 2028 252 2091 de
280 2029 431 2115 avaritia,
460 2030 542 2094 liber
571 2029 738 2116 Smaragdi
766 2031 801 2094 in
829 2029 1005 2113 evangelia.
1041 2028 1200 2095 Vetustae
1229 2031 1356 2115 glossae

214 2135 253 2198 ad
276 2139 391 2200 nostra
414 2135 522 2201 studia
544 2136 640 2202 utiles
663 2141 792 2220 praeter
814 2157 994 2220 perpaucas
1018 2136 1130 2200 abesse
1154 2136 1312 2201 videntur.

302 2239 411 2306 Codex
425 2243 453 2306 B
468 2243 509 2307 31
531 2265 599 2326 sup.
618 2244 753 2307 membr.
771 2239 830 2306 12⁰
847 2243 902 2306 fol.
917 2241 984 2306 215
1003 2263 1084 2307 saec.
1098 2241 1128 2305 X
1147 2239 1207 2328 (sic
1223 2242 1357 2307 Reiffer-

214 2346 343 2410 scheido
362 2348 404 2431 ll,
422 2350 438 2412 1
458 2371 489 2432 p.
503 2350 546 2413 48
570 2349 709 2413 videtur:
732 2346 995 2412 Mendelssohnio
1015 2369 1096 2412 saec.
1111 2348 1171 2435 IX)
1190 2350 1212 2414 f.
1229 2351 1355 2414 117¹-

212 2453 295 2516 211¹
309 2453 504 2538 glossarium
519 2457 673 2540 continet,
688 2457 778 2520 cuius
792 2455 986 2538 principium
1001 2460 1063 2520 est:
1088 2455 1219 2540 ‘Incipit
1233 2457 1334 2540 glosa.
1351 2452 1354 2541 l
1416 2534 1420 2542 .

213 2558 401 2642 Allegoria:
417 2562 578 2646 spiritalia
610 2563 802 2627 Acolothin:
819 2563 982 2626 scolasten
1014 2562 1207 2626 Ambrosia:
1228 2562 1358 2628 diuina'.

212 2665 287 2734 Non
311 2688 418 2752 carere
442 2690 500 2733 sua
524 2668 672 2734 doctrina
690 2669 953 2734 Mendclssohnio
973 2670 1108 2734 videtur.

302 2773 511 2858 Reliquorum
540 2775 698 2859 codicum,
728 2776 844 2860 quibus
875 2775 1035 2859 glossaria
1065 2779 1121 2839 aut
1151 2775 1358 2845 continentur

213 2882 269 2944 aut
298 2881 456 2945 contineri
485 2882 648 2966 dicuntur,
677 2881 762 2946 nihil
785 2885 822 2946 ut
844 2881 994 2946 videntur
1017 2881 1194 2946 valentium
1217 2882 1356 2947 indicem

213 2985 294 3050 addo
317 2987 529 3054 breviculum:

301 3091 328 3156 L
348 3094 390 3157 22
414 3117 483 3178 sup.
507 3096 640 3159 membr.
663 3118 688 3162 s.
711 3096 741 3160 X
765 3097 844 3161 olim
866 3095 1051 3161 Bobicnsis:
1074 3117 1140 3161 non
1163 3096 1357 3180 glossarium

213 3199 311 3284 inest,
340 3201 395 3265 sad
423 3204 637 3286 grammatica
665 3203 824 3288 quaedam
847 3203 966 3268 nullius
994 3204 1092 3287 pretii
1115 3207 1228 3287 utpote
1251 3203 1356 3268 medio

214 3328 292 3372 aevo
312 3309 472 3392 confecta,
491 3310 758 3392 quemadmodum
778 3310 878 3373 etiam
896 3310 931 3373 in
946 3309 1013 3374 cod.
1027 3307 1060 3372 H
1077 3309 1117 3373 15
1136 3332 1205 3392 sup.
1224 3310 1357 3373 membr.

214 3436 238 3478 s.
256 3412 344 3496 XIV,
363 3415 446 3478 'item
471 3416 556 3479 olim·
572 3417 735 3481 Bobiensi.

301 3521 386 3584 1336
411 3520 467 3585 inf.
486 3523 619 3587 membr.
638 3546 662 3588 s.
677 3522 724 3586 XI
746 3523 889 3607 ingentis
908 3522 1094 3587 voluminis:
1119 3521 1357 3586 ‘dictionarium

213 3627 317 3690 instar
332 3625 491 3713 Galepini,
514 3630 549 3692 in
572 3651 635 3713 quo
655 3630 801 3712 singulae
825 3629 981 3694 dictiones
1004 3649 1143 3709 persua
1166 3650 1357 3712 synonyma,
1434 3684 1436 3688 ,

214 3725 432 3818 etymologias
447 3739 480 3799 et
493 3737 600 3800 varias
620 3759 700 3821 quas
719 3737 841 3801 habent
860 3734 1114 3819 significationes
1135 3733 1356 3816 explicantur'.

214 3838 314 3930 ‘Libri
339 3841 534 3926 glossarum'
558 3843 740 3926 exemplum
764 3847 820 3907 est
941 3845 944 3850 ’

302 3945 335 4010 Η
354 3948 396 4012 68
421 3970 490 4031 sup.
509 3970 533 4012 s.
547 3946 594 4012 XI
614 3947 701 4011 ‘libri
720 3945 918 4031 glossarum'
938 3947 1113 4030 epitomum
1133 3945 1271 4009 exhibet.

301 4051 336 4117 M
356 4053 397 4118 79
426 4053 482 4117 inf.
506 4055 640 4118 membr.
664 4076 688 4117 s.
707 4051 845 4137 xlsxll:
878 4057 1008 4136 praeter
1040 4051 1105 4114 alia
1136 4051 1241 4115 multa
1272 4051 1357 4116 inest

213 4159 313 4223 etiam
342 4129 557 4244 ‘glossarium
577 4182 704 4256 vocum.
720 4157 915 4243 latinarum',
947 4181 1121 4242 paucarum
1153 4157 1358 4244 paginarum,

212 4266 311 4348 pretii
332 4265 465 4330 nullius.

302 4371 388 4436 Fet
419 4394 489 4455 sup.
512 4373 647 4436 membr.
671 4394 696 4436 s.
718 4369 906 4456 XIllsXlV:
937 4372 1066 4454 glossae
1093 4371 1293 4452 psalmorum
1324 4377 1357 4436 et

214 4477 346 4542 similes.
930 4501 937 4527 ¹

1091 4582 1144 4636 12*
1229 4595 1237 4602 '
