3178 5122
717 316 931 379 *10*

251 471 300 536 bie
325 472 414 536 babet
435 473 540 538 urinas
562 473 642 537 iuter
666 477 698 538 et
720 475 795 540 biett
819 474 899 554 folio
920 478 1065 556 quattuor
1088 523 1095 537 .
1119 524 1126 538 .
1150 523 1156 536 .
1187 461 1398 540 vix'dabium

251 584 301 644 est
325 580 402 664 quin
426 581 588 665 integrum
608 579 895 669 additamentuml)
920 582 966 646 sio
984 581 1187 646 restituatur:
1211 580 1276 646 ‘hio
1298 581 1398 645 habet

251 686 357 749 minus
385 686 469 750 inter
496 686 517 750 b
545 689 578 751 et
606 688 619 750 t
651 686 731 752 folia
759 691 926 772 quattuor,
955 709 1037 772 quae
1065 686 1173 752 excisa
1200 687 1332 753 fuerunt
1360 687 1398 752 de

252 788 451 875 exemplari?

340 898 370 962 A
400 901 472 962 toto
500 897 562 962 hoo
590 900 695 984 eapite
724 901 810 985 quod
840 904 889 966 est
917 902 955 966 de
978 903 1231 986 interpolatione
1254 923 1294 965 ne
1318 899 1397 963 illud

252 1007 381 1091 quidem
405 1004 547 1068 alienum
571 1009 633 1089 est,
662 1006 746 1090 quod
770 1007 899 1091 glossae
929 1009 994 1073 suis
1018 1008 1099 1074 louis
1128 1008 1279 1093 depulsae
1304 1006 1397 1071 alior-

252 1137 323 1178 sum
352 1134 419 1176 non
445 1133 519 1175 raro
548 1111 751 1178 invehuntur.
802 1114 874 1190 Qua
897 1116 1064 1180 tamenin
1087 1138 1121 1180 re
1144 1116 1198 1180 vix
1224 1135 1397 1200 possumus

251 1221 331 1284 satis
352 1218 440 1283 eauti
463 1239 540 1282 esse.
595 1219 634 1283 In
665 1220 870 1286 emendandis
900 1222 985 1286 enim
1013 1221 1133 1306 glossis
1161 1221 1243 1286 illud
1271 1241 1397 1305 quoque

252 1346 483 1410 saepenumero
507 1326 692 1409 neglectum
712 1331 761 1391 est
785 1329 879 1411 quod,
902 1329 966 1392 nisi
989 1351 1099 1393 omnes
1120 1327 1303 1412 corrigendi
1326 1327 1397 1390 viae

256 1433 348 1518 quasi
372 1432 500 1496 clausae
529 1437 617 1516 sunt,
640 1435 806 1499 nonlicet
833 1435 954 1500 initiali
982 1419 1111 1520 glossae
1135 1435 1248 1500 littera
1270 1436 1399 1498 mutata

252 1538 510 1603 emendationem
533 1540 719 1622 periclitari.
766 1541 872 1617 Quam
894 1542 1010 1626 legem,
1035 1541 1182 1625 quamvis
1206 1544 1275 1603 tam
1298 1538 1398 1602 mani-

250 1647 334 1710 festa
363 1667 433 1709 esse
462 1645 609 1709 videatur
636 1650 671 1710 ut
702 1647 978 1712 demonstratione
1007 1669 1072 1711 non
1108 1649 1216 1730 egeat,
1243 1644 1398 1728 permulti

251 1757 363 1817 tamen
386 1789 428 1798 -
453 1773 516 1835 quo
541 1775 580 1816 ex
602 1775 735 1818 numero
758 1775 798 1816 ne
819 1752 964 1838 Scaliger
988 1752 1116 1837 quidem
1136 1752 1323 1816 eximendus
1348 1755 1397 1815 est

254 1897 291 1905 —
318 1882 355 1923 eo
380 1858 558 1942 violarunt,
582 1860 666 1944 qnod
691 1860 817 1944 glossas
842 1859 882 1924 ad
906 1860 988 1924 alias
1012 1860 1139 1924 litteras
1163 1859 1280 1923 deferri
1303 1880 1398 1942 posse

249 1966 346 2030 nimis
374 1964 469 2030 faeile
499 1966 561 2029 sibi
590 1969 829 2048 persuaserunt.
872 1966 961 2030 Nam
989 1965 1136 2048 quamvis
1165 1964 1246 2028 illud
1274 1965 1398 2028 factum

251 2095 320 2146 esse
341 2072 473 2136 omnino
497 2071 612 2154 negari
630 2093 695 2134 non
714 2071 819 2154 possit
841 2107 878 2116 —
901 2071 1094 2154 scriptorum
1115 2071 1200 2134 enim
1219 2069 1291 2152 loci,
1314 2070 1397 2134 unde

251 2179 380 2262 glossae
403 2178 682 2260 depromebantur,
711 2181 762 2242 sat
786 2200 881 2261 saepe
905 2178 970 2242 iam
994 2177 1138 2260 corrupti
1158 2181 1250 2240 erant
1275 2213 1325 2260 -—‚
1350 2181 1398 2242 at·

250 2289 359 2349 tamen
381 2285 477 2368 larga
500 2285 686 2368 glossarum
715 2305 797 2368 quae
827 2284 890 2347 hue
916 2284 1079 2368 pertinere
1108 2283 1279 2347 videantur
1305 2284 1398 2368 eopia

251 2391 292 2455 ob
312 2394 416 2455 certas
437 2391 579 2456 rationes
600 2388 775 2475 (imprimis
795 2388 866 2453 dioo
885 2393 1031 2454 vetustas
1052 2393 1084 2453 et
1103 2390 1233 2473 linguae
1252 2390 1397 2474 vulgaris

250 2495 388 2584 formas)
421 2498 516 2562 aliter
544 2499 732 2580 comparata
760 2501 818 2560 est.
872 2494 974 2580 ¹Velut
1003 2496 1160 2579 Iosephus
1188 2496 1288 2560 Klein
1316 2495 1398 2582 (‘Zu

251 2605 313 2668 den
327 2603 467 2669 Glossen
485 2605 539 2668 des
559 2603 770 2668 Philoxenus'
790 2604 824 2667 in
838 2603 943 2667 Musei
956 2602 1059 2667 Rhen.
1074 2607 1097 2667 t.
1111 2602 1220 2668 XXIV
1240 2601 1281 2688 (a.
1299 2605 1397 2691 1869)

250 2734 280 2794 p.
305 2713 368 2777 289
394 2710 491 2799 sqq.),
520 2712 577 2776 ubi
600 2712 772 2776 Philoxeni
801 2711 946 2795 glossam
975 2709 1145 2773 Livianam
1171 2733 1201 2792 p.
1225 2711 1282 2794 23,
1306 2712 1327 2775 4
1351 2713 1397 2776 ed.

251 2817 343 2883 Vule.
368 2818 513 2884 ‘uroseit:
533 2816 704 2883 ulurdrur'
728 2818 763 2880 in
783 2817 942 2882 ‘erraseitz
962 2815 1006 2880 π.’
1030 2817 1218 2880 mutandam
1236 2819 1397 2902 proponit,

250 2947 315 2987 non
344 2924 483 2990 debebat
506 2926 546 2989 ad
570 2924 712 2988 eiusdem
736 2923 890 3006 glossarii
913 2945 943 3006 p.
969 2921 1046 3006 152,
1071 2923 1112 2987 38
1130 2925 1293 3004 parietas:
1321 2947 1398 3005 προ-

250 3031 366 3110 φήτης,
399 3031 576 3096 θυοεκόπο(
610 3051 799 3114 provocare3
833 3030 976 3111 parietas
1011 3029 1098 3093 enim
1129 3029 1213 3093 nihil
1246 3035 1295 3095 est
1332 3033 1397 3096 nisi

243 3137 408 3218 pltartolas
434 3138 496 3203 hoo
525 3141 575 3202 est
605 3132 782 3222 furtorum).
834 3134 886 3201 Sic
919 3137 1047 3221 glossae
1081 3136 1200 3200 eodiois
1228 3135 1396 3204 Leidensis

251 3243 327 3307 ota
356 3244 377 3307 f.
406 3246 495 3309 sort
533 3245 649 3328 tetigus
677 3265 774 3327 penus
803 3242 818 3308 e
857 3245 947 3308 metri
978 3265 1096 3308 000010
1128 3248 1221 3308 metro
1248 3251 1277 3309 et
1302 3252 1397 3328 pratu
1498 3228 1502 3238 ⁵

250 3351 387 3434 metrice,
416 3353 505 3416 ouius
534 3352 859 3434 interpretamentum
883 3371 979 3434 penus
1009 3356 1053 3415 est
1078 3352 1168 3415 metri
1190 3353 1338 3434 conpositi
1360 3375 1397 3417 er

249 3458 422 3522 lreaurnrtro
443 3465 471 3522 et
483 3464 675 3542 pentametro
695 3457 907 3541 scribendum,
927 3461 959 3522 et
978 3458 1000 3522 f.
1019 3458 1102 3522 bl‘b
1122 3459 1302 3540 yperbolteez
1322 3451 1402 3524 etate

327 3721 346 3790 ¹)
365 3722 437 3777 Hine
461 3724 528 3792 quid
552 3724 588 3778 ad
615 3723 737 3778 indolem
760 3723 888 3792 glossarii
915 3722 1129 3776 existimandam
1155 3723 1284 3777 concludi
1310 3724 1398 3793 possit

248 3810 324 3864 infra
342 3829 520 3881 exponemus.
615 3859 616 3864 ,

325 3900 345 3968 ²)
365 3899 405 3955 Cf.
424 3901 558 3968 feriolus:
583 3907 660 3956 uates
683 3901 804 3970 glossam
823 3900 951 3954 codicum
969 3899 1100 3954 Vatio'ani
1119 3906 1187 3954 3321
1207 3901 1226 3955 f.
1243 3908 1308 3967 61'3
1329 3901 1396 3955 San-

248 3989 382 4059 gallensis
403 3996 454 4044 912
475 4009 501 4060 p.
523 3997 574 4044 105
594 3991 701 4059 (uatis);
724 3989 922 4059 Amploniani¹
942 4009 968 4060 p.
989 3996 1053 4058 331,
1075 3996 1124 4045 119
1145 3991 1260 4059 (uatus);
1280 3991 1396 4061 Amplo-

248 4078 338 4132 niani²
365 4097 393 4147 p.
417 4085 554 4147 333,108
579 4079 709 4146 (turtulas
727 4079 804 4147 fatis)
829 4080 858 4134 et
885 4079 1020 4148 permiras
1044 4080 1113 4134 duas
1136 4080 1232 4134 hasce:
1260 4079 1394 4146 satietas:

228 4168 335 4233 hastis,
366 4170 414 4237 qut
438 4169 558 4222 ariolus:
581 4169 653 4222 unde
675 4169 743 4238 bpfu
765 4173 866 4222 uocant
892 4169 963 4236 (eod.
987 4167 1114 4224 Leidens.
1140 4167 1239 4222 01111.
1260 4171 1343 4237 251a)
1367 4171 1395 4223 et

190 4265 192 4270 ’
246 4256 380 4324 feriolus:
400 4256 515 4322 ariolus,
535 4261 623 4321 autes,
642 4257 714 4324 quod
732 4255 801 4324 palti
818 4256 958 4309 humerum
977 4255 1166 4324 (Ηο10010011)
1186 4257 1282 4310 dieunt
1301 4256 1393 4326 (gloss.

248 4343 416 4412 Salomonis,
439 4344 488 4398 ubi
507 4362 560 4398 vox
578 4343 752 4416 paenultima
771 4343 809 4400 sio
834 4343 938 4417 scripta
960 4345 1052 4402 exstat
1069 4345 1197 4413 raumara,
1222 4345 1394 4416 singularite

246 4434 357 4489 litterae
377 4433 484 4502 torma).
737 4415 741 4428 ⁴
