<?xml version="1.0" encoding="UTF-8"?>
<!DOCTYPE html PUBLIC "-//W3C//DTD XHTML 1.0 Transitional//EN"
    "http://www.w3.org/TR/xhtml1/DTD/xhtml1-transitional.dtd">
<html xmlns="http://www.w3.org/1999/xhtml" xml:lang="en" lang="en">
 <head>
  <title>
</title>
<meta http-equiv="Content-Type" content="text/html;charset=utf-8" />
  <meta name='ocr-system' content='tesseract 3.04.00' />
  <meta name='ocr-capabilities' content='ocr_page ocr_carea ocr_par ocr_line ocrx_word'/>
</head>
<body>
  <div class='ocr_page' id='page_1' title='image "./prodromvscorpor00loewgoog/prodromvscorpor00loewgoog_0199.png"; bbox 0 0 3232 5122; ppageno 0'>
   <div class='ocr_carea' id='block_1_1' title="bbox 166 305 1440 894">
    <p class='ocr_par' dir='ltr' id='par_1_1' title="bbox 166 305 1440 894">
     <span class='ocr_line' id='line_1_1' title="bbox 718 305 1176 377; baseline 0.004 -2"><span class='ocrx_word' id='word_1_1' title='bbox 718 349 759 358; x_wconf 84' lang='lat'>—-</span> <span class='ocrx_word' id='word_1_2' title='bbox 808 305 870 377; x_wconf 76' lang='lat'>178</span> <span class='ocrx_word' id='word_1_3' title='bbox 918 347 958 359; x_wconf 91' lang='lat'>-</span> <span class='ocrx_word' id='word_1_4' title='bbox 1171 339 1176 352; x_wconf 93' lang='lat'><strong>·</strong></span> 
     </span>
     <span class='ocr_line' id='line_1_2' title="bbox 269 431 1440 574; baseline 0 -37"><span class='ocrx_word' id='word_1_5' title='bbox 269 465 410 538; x_wconf 83' lang='lat' dir='ltr'>Lexicon</span> <span class='ocrx_word' id='word_1_6' title='bbox 440 469 570 537; x_wconf 82' lang='lat' dir='ltr'>exhibet</span> <span class='ocrx_word' id='word_1_7' title='bbox 601 472 739 536; x_wconf 90' lang='lat' dir='ltr'>latinum</span> <span class='ocrx_word' id='word_1_8' title='bbox 771 471 855 556; x_wconf 91' lang='lat' dir='ltr'>quod</span> <span class='ocrx_word' id='word_1_9' title='bbox 869 431 875 438; x_wconf 91' lang='lat'><strong>·</strong></span> <span class='ocrx_word' id='word_1_10' title='bbox 888 471 1028 537; x_wconf 91' lang='lat' dir='ltr'>medium</span> <span class='ocrx_word' id='word_1_11' title='bbox 1061 473 1153 557; x_wconf 89' lang='lat' dir='ltr'>quasi</span> <span class='ocrx_word' id='word_1_12' title='bbox 1185 470 1292 538; x_wconf 91' lang='lat' dir='ltr'>locum</span> <span class='ocrx_word' id='word_1_13' title='bbox 1324 474 1440 574; x_wconf 22' lang='lat' dir='ltr'>tenet!</span> 
     </span>
     <span class='ocr_line' id='line_1_3' title="bbox 266 578 1412 664; baseline 0.001 -21"><span class='ocrx_word' id='word_1_14' title='bbox 266 581 351 644; x_wconf 87' lang='lat' dir='ltr'>inter</span> <span class='ocrx_word' id='word_1_15' title='bbox 377 579 534 664; x_wconf 85' lang='lat' dir='ltr'>glossaria</span> <span class='ocrx_word' id='word_1_16' title='bbox 558 601 595 644; x_wconf 86' lang='lat' dir='ltr'>ex</span> <span class='ocrx_word' id='word_1_17' title='bbox 619 601 725 643; x_wconf 91' lang='lat' dir='ltr'>rerum</span> <span class='ocrx_word' id='word_1_18' title='bbox 751 580 878 644; x_wconf 89' lang='lat' dir='ltr'>ratione</span> <span class='ocrx_word' id='word_1_19' title='bbox 902 582 934 642; x_wconf 88' lang='lat' dir='ltr'>et</span> <span class='ocrx_word' id='word_1_20' title='bbox 958 578 1132 643; x_wconf 90' lang='lat' dir='ltr'>secundum</span> <span class='ocrx_word' id='word_1_21' title='bbox 1155 581 1339 644; x_wconf 85' lang='lat' dir='ltr'>litterarum</span> <span class='ocrx_word' id='word_1_22' title='bbox 1363 602 1412 644; x_wconf 91' lang='lat' dir='ltr'>or·</span> 
     </span>
     <span class='ocr_line' id='line_1_4' title="bbox 166 683 1413 774; baseline -0.001 -24"><span class='ocrx_word' id='word_1_23' title='bbox 166 713 199 774; x_wconf 55' lang='lat' dir='ltr'><em>j</em></span> <span class='ocrx_word' id='word_1_24' title='bbox 266 686 373 751; x_wconf 91' lang='lat' dir='ltr'>dinem</span> <span class='ocrx_word' id='word_1_25' title='bbox 397 686 552 750; x_wconf 88' lang='lat' dir='ltr'>conlecta.</span> <span class='ocrx_word' id='word_1_26' title='bbox 599 683 734 751; x_wconf 85' lang='lat' dir='ltr'>Secutus</span> <span class='ocrx_word' id='word_1_27' title='bbox 764 689 814 749; x_wconf 88' lang='lat' dir='ltr'>est</span> <span class='ocrx_word' id='word_1_28' title='bbox 841 686 928 750; x_wconf 91' lang='lat' dir='ltr'>enim</span> <span class='ocrx_word' id='word_1_29' title='bbox 957 686 1011 769; x_wconf 92' lang='lat' dir='ltr'>qui</span> <span class='ocrx_word' id='word_1_30' title='bbox 1039 686 1221 770; x_wconf 79' lang='lat' dir='ltr'><strong>composuit</strong></span> <span class='ocrx_word' id='word_1_31' title='bbox 1245 686 1413 770; x_wconf 74' lang='lat' dir='ltr'>alphabeti</span> 
     </span>
     <span class='ocr_line' id='line_1_5' title="bbox 266 792 1412 894; baseline -0.001 -37"><span class='ocrx_word' id='word_1_32' title='bbox 266 793 412 858; x_wconf 81' lang='lat' dir='ltr'>ordinem</span> <span class='ocrx_word' id='word_1_33' title='bbox 435 792 496 870; x_wconf 87' lang='lat' dir='ltr'>ita,</span> <span class='ocrx_word' id='word_1_34' title='bbox 524 794 561 856; x_wconf 93' lang='lat' dir='ltr'>ut</span> <span class='ocrx_word' id='word_1_35' title='bbox 589 792 734 894; x_wconf 80' lang='lat' dir='ltr'>singulas</span> <span class='ocrx_word' id='word_1_36' title='bbox 764 792 891 856; x_wconf 85' lang='lat' dir='ltr'>litteras</span> <span class='ocrx_word' id='word_1_37' title='bbox 919 814 978 874; x_wconf 92' lang='lat' dir='ltr'>pro</span> <span class='ocrx_word' id='word_1_38' title='bbox 1002 793 1093 856; x_wconf 89' lang='lat' dir='ltr'>varia</span> <span class='ocrx_word' id='word_1_39' title='bbox 1115 815 1223 856; x_wconf 90' lang='lat' dir='ltr'>rerum</span> <span class='ocrx_word' id='word_1_40' title='bbox 1248 792 1412 856; x_wconf 88' lang='lat' dir='ltr'>declaran-</span> 
     </span>
    </p>
   </div>
   <div class='ocr_carea' id='block_1_2' title="bbox 266 897 1411 1091">
    <p class='ocr_par' dir='ltr' id='par_1_2' title="bbox 266 897 1411 1091">
     <span class='ocr_line' id='line_1_6' title="bbox 266 897 1411 982; baseline 0 -18"><span class='ocrx_word' id='word_1_41' title='bbox 266 899 379 964; x_wconf 85' lang='lat' dir='ltr'>darum</span> <span class='ocrx_word' id='word_1_42' title='bbox 407 899 515 964; x_wconf 90' lang='lat' dir='ltr'>indole</span> <span class='ocrx_word' id='word_1_43' title='bbox 543 901 577 963; x_wconf 90' lang='lat' dir='ltr'>iu</span> <span class='ocrx_word' id='word_1_44' title='bbox 606 902 694 964; x_wconf 87' lang='lat' dir='ltr'>certa</span> <span class='ocrx_word' id='word_1_45' title='bbox 722 898 830 982; x_wconf 85' lang='lat' dir='ltr'>capita</span> <span class='ocrx_word' id='word_1_46' title='bbox 860 897 1080 982; x_wconf 71' lang='lat' dir='ltr'>distribueret,</span> <span class='ocrx_word' id='word_1_47' title='bbox 1113 921 1250 982; x_wconf 90' lang='lat' dir='ltr'>quorum</span> <span class='ocrx_word' id='word_1_48' title='bbox 1283 901 1317 964; x_wconf 93' lang='lat' dir='ltr'>in</span> <span class='ocrx_word' id='word_1_49' title='bbox 1349 901 1411 964; x_wconf 88' lang='lat' dir='ltr'>fine</span> 
     </span>
     <span class='ocr_line' id='line_1_7' title="bbox 266 1001 1411 1091; baseline -0.001 -20"><span class='ocrx_word' id='word_1_50' title='bbox 266 1007 396 1091; x_wconf 83' lang='lat' dir='ltr'>glossae</span> <span class='ocrx_word' id='word_1_51' title='bbox 421 1029 440 1070; x_wconf 88' lang='lat' dir='ltr'>a</span> <span class='ocrx_word' id='word_1_52' title='bbox 464 1006 601 1070; x_wconf 86' lang='lat' dir='ltr'>materia</span> <span class='ocrx_word' id='word_1_53' title='bbox 624 1008 766 1070; x_wconf 87' lang='lat' dir='ltr'>tractata</span> <span class='ocrx_word' id='word_1_54' title='bbox 790 1005 914 1068; x_wconf 88' lang='lat' dir='ltr'>alienae</span> <span class='ocrx_word' id='word_1_55' title='bbox 922 1001 946 1090; x_wconf 83' lang='lat'>¹)</span> <span class='ocrx_word' id='word_1_56' title='bbox 972 1004 1141 1070; x_wconf 90' lang='lat' dir='ltr'>adduntur.</span> <span class='ocrx_word' id='word_1_57' title='bbox 1186 1006 1265 1072; x_wconf 81' lang='lat' dir='ltr'>Ine:</span> <span class='ocrx_word' id='word_1_58' title='bbox 1294 1005 1411 1072; x_wconf 80' lang='lat' dir='ltr'><strong>‘INCI-</strong></span> 
     </span>
    </p>
   </div>
   <div class='ocr_carea' id='block_1_3' title="bbox 265 1112 1411 1196">
    <p class='ocr_par' dir='ltr' id='par_1_3' title="bbox 265 1112 1411 1196">
     <span class='ocr_line' id='line_1_8' title="bbox 265 1112 1411 1196; baseline 0 -2"><span class='ocrx_word' id='word_1_59' title='bbox 265 1130 401 1196; x_wconf 83' lang='lat' dir='ltr'>PIUNT</span> <span class='ocrx_word' id='word_1_60' title='bbox 432 1128 568 1194; x_wconf 73' lang='lat' dir='ltr'>chesn</span> <span class='ocrx_word' id='word_1_61' title='bbox 600 1128 659 1193; x_wconf 81' lang='lat' dir='ltr'>DE</span> <span class='ocrx_word' id='word_1_62' title='bbox 687 1114 942 1194; x_wconf 73' lang='lat' dir='ltr'><strong>DIUERSARU</strong></span> <span class='ocrx_word' id='word_1_63' title='bbox 965 1112 1085 1192; x_wconf 75' lang='lat' dir='ltr'><strong>RERU</strong></span> <span class='ocrx_word' id='word_1_64' title='bbox 1106 1127 1411 1194; x_wconf 82' lang='lat' dir='ltr'>SIGNIFIOATIO-</span> 
     </span>
    </p>
   </div>
   <div class='ocr_carea' id='block_1_4' title="bbox 265 1234 1411 1436">
    <p class='ocr_par' dir='ltr' id='par_1_4' title="bbox 265 1234 1411 1436">
     <span class='ocr_line' id='line_1_9' title="bbox 265 1234 1411 1329; baseline -0.003 -9"><span class='ocrx_word' id='word_1_65' title='bbox 265 1253 423 1320; x_wconf 82' lang='lat' dir='ltr'><strong>NIBUS·</strong></span> <span class='ocrx_word' id='word_1_66' title='bbox 446 1251 528 1318; x_wconf 78' lang='lat' dir='ltr'>SED</span> <span class='ocrx_word' id='word_1_67' title='bbox 552 1238 691 1318; x_wconf 78' lang='lat' dir='ltr'><strong>PRIMU</strong></span> <span class='ocrx_word' id='word_1_68' title='bbox 715 1253 774 1317; x_wconf 84' lang='lat' dir='ltr'>DE</span> <span class='ocrx_word' id='word_1_69' title='bbox 798 1252 1045 1318; x_wconf 84' lang='lat' dir='ltr'>NOMINIBUS</span> <span class='ocrx_word' id='word_1_70' title='bbox 1069 1252 1158 1329; x_wconf 80' lang='lat' dir='ltr'>QUE</span> <span class='ocrx_word' id='word_1_71' title='bbox 1182 1234 1294 1318; x_wconf 72' lang='lat' dir='ltr'>luno</span> <span class='ocrx_word' id='word_1_72' title='bbox 1314 1251 1411 1317; x_wconf 87' lang='lat' dir='ltr'>PRO-</span> 
     </span>
     <span class='ocr_line' id='line_1_10' title="bbox 265 1357 1411 1436; baseline 0 -12"><span class='ocrx_word' id='word_1_73' title='bbox 265 1360 366 1425; x_wconf 80' lang='lat' dir='ltr'>Pffln</span> <span class='ocrx_word' id='word_1_74' title='bbox 390 1360 447 1424; x_wconf 82' lang='lat' dir='ltr'>ET</span> <span class='ocrx_word' id='word_1_75' title='bbox 471 1357 714 1426; x_wconf 84' lang='lat' dir='ltr'>SECUNDUM</span> <span class='ocrx_word' id='word_1_76' title='bbox 737 1359 957 1436; x_wconf 81' lang='lat' dir='ltr'>QUANDAM</span> <span class='ocrx_word' id='word_1_77' title='bbox 988 1357 1329 1426; x_wconf 81' lang='lat' dir='ltr'><strong>SIMILITUDINEM</strong></span> <span class='ocrx_word' id='word_1_78' title='bbox 1352 1359 1411 1424; x_wconf 92' lang='lat' dir='ltr'>DI-</span> 
     </span>
    </p>
   </div>
   <div class='ocr_carea' id='block_1_5' title="bbox 266 1465 1412 1569">
    <p class='ocr_par' dir='ltr' id='par_1_5' title="bbox 266 1465 1412 1569">
     <span class='ocr_line' id='line_1_11' title="bbox 266 1465 1412 1569; baseline -0.001 -22"><span class='ocrx_word' id='word_1_79' title='bbox 266 1481 455 1549; x_wconf 80' lang='lat' dir='ltr'>CUNTUR.</span> <span class='ocrx_word' id='word_1_80' title='bbox 480 1482 484 1568; x_wconf 75' lang='lat' dir='ltr'>l</span> <span class='ocrx_word' id='word_1_81' title='bbox 512 1486 593 1548; x_wconf 76' lang='lat' dir='ltr'>Aet</span> <span class='ocrx_word' id='word_1_82' title='bbox 617 1485 658 1548; x_wconf 79' lang='grc' dir='ltr'>ω</span> <span class='ocrx_word' id='word_1_83' title='bbox 682 1483 754 1548; x_wconf 91' lang='lat' dir='ltr'>ideo</span> <span class='ocrx_word' id='word_1_84' title='bbox 778 1488 915 1549; x_wconf 86' lang='lat' dir='ltr'>uocatur</span> <span class='ocrx_word' id='word_1_85' title='bbox 937 1485 1024 1549; x_wconf 90' lang='lat' dir='ltr'>filius</span> <span class='ocrx_word' id='word_1_86' title='bbox 1057 1465 1092 1548; x_wconf 75' lang='lat' dir='ltr'>dr</span> <span class='ocrx_word' id='word_1_87' title='bbox 1122 1484 1197 1569; x_wconf 90' lang='lat' dir='ltr'>quia</span> <span class='ocrx_word' id='word_1_88' title='bbox 1226 1484 1349 1568; x_wconf 90' lang='lat' dir='ltr'>primus</span> <span class='ocrx_word' id='word_1_89' title='bbox 1380 1487 1412 1547; x_wconf 90' lang='lat' dir='ltr'>ct</span> 
     </span>
    </p>
   </div>
   <div class='ocr_carea' id='block_1_6' title="bbox 145 1587 1412 1673">
    <p class='ocr_par' dir='ltr' id='par_1_6' title="bbox 145 1587 1412 1673">
     <span class='ocr_line' id='line_1_12' title="bbox 145 1587 1412 1673; baseline 0 -19"><span class='ocrx_word' id='word_1_90' title='bbox 145 1587 147 1592; x_wconf 73' lang='grc'><strong>’</strong></span> <span class='ocrx_word' id='word_1_91' title='bbox 264 1591 461 1654; x_wconf 88' lang='lat' dir='ltr'>nouissimus</span> <span class='ocrx_word' id='word_1_92' title='bbox 486 1593 549 1673; x_wconf 79' lang='lat' dir='ltr'>est3</span> <span class='ocrx_word' id='word_1_93' title='bbox 580 1589 647 1655; x_wconf 88' lang='lat' dir='ltr'>alfa</span> <span class='ocrx_word' id='word_1_94' title='bbox 670 1591 757 1654; x_wconf 91' lang='lat' dir='ltr'>enim</span> <span class='ocrx_word' id='word_1_95' title='bbox 780 1589 892 1654; x_wconf 89' lang='lat' dir='ltr'>littera</span> <span class='ocrx_word' id='word_1_96' title='bbox 914 1590 1005 1654; x_wconf 90' lang='lat' dir='ltr'>nulla</span> <span class='ocrx_word' id='word_1_97' title='bbox 1027 1589 1205 1673; x_wconf 90' lang='lat' dir='ltr'>praecedit:</span> <span class='ocrx_word' id='word_1_98' title='bbox 1233 1590 1339 1672; x_wconf 88' lang='lat' dir='ltr'>prima</span> <span class='ocrx_word' id='word_1_99' title='bbox 1362 1594 1412 1654; x_wconf 90' lang='lat' dir='ltr'>est</span> 
     </span>
    </p>
   </div>
   <div class='ocr_carea' id='block_1_7' title="bbox 258 1694 1412 2649">
    <p class='ocr_par' dir='ltr' id='par_1_7' title="bbox 265 1694 1411 1780">
     <span class='ocr_line' id='line_1_13' title="bbox 265 1694 1411 1780; baseline 0 -20"><span class='ocrx_word' id='word_1_100' title='bbox 265 1698 352 1761; x_wconf 87' lang='lat' dir='ltr'>enim</span> <span class='ocrx_word' id='word_1_101' title='bbox 365 1698 548 1761; x_wconf 88' lang='lat' dir='ltr'>litterarum</span> <span class='ocrx_word' id='word_1_102' title='bbox 564 1697 648 1760; x_wconf 90' lang='lat' dir='ltr'>siout</span> <span class='ocrx_word' id='word_1_103' title='bbox 663 1701 696 1759; x_wconf 94' lang='lat' dir='ltr'>et</span> <span class='ocrx_word' id='word_1_104' title='bbox 709 1696 799 1760; x_wconf 90' lang='lat' dir='ltr'>filius</span> <span class='ocrx_word' id='word_1_105' title='bbox 814 1745 821 1759; x_wconf 92' lang='lat'><strong>.</strong></span> <span class='ocrx_word' id='word_1_106' title='bbox 836 1746 842 1759; x_wconf 93' lang='lat'><strong>.</strong></span> <span class='ocrx_word' id='word_1_107' title='bbox 857 1694 876 1760; x_wconf 89' lang='lat'>.&#39;</span> <span class='ocrx_word' id='word_1_108' title='bbox 909 1695 1055 1779; x_wconf 80' lang='lat' dir='ltr'>Explicit</span> <span class='ocrx_word' id='word_1_109' title='bbox 1073 1695 1108 1759; x_wconf 94' lang='lat' dir='ltr'>in</span> <span class='ocrx_word' id='word_1_110' title='bbox 1122 1695 1274 1778; x_wconf 78' lang='lat' dir='ltr'>Zephirus</span> <span class='ocrx_word' id='word_1_111' title='bbox 1290 1696 1411 1780; x_wconf 84' lang='lat' dir='ltr'>glossa.</span> 
     </span>
    </p>

    <p class='ocr_par' dir='ltr' id='par_1_8' title="bbox 258 1801 1412 2649">
     <span class='ocr_line' id='line_1_14' title="bbox 265 1801 1412 1886; baseline -0.002 -20"><span class='ocrx_word' id='word_1_112' title='bbox 265 1803 346 1868; x_wconf 90' lang='lat' dir='ltr'>Post</span> <span class='ocrx_word' id='word_1_113' title='bbox 368 1803 498 1867; x_wconf 86' lang='lat' dir='ltr'>initium</span> <span class='ocrx_word' id='word_1_114' title='bbox 522 1824 620 1886; x_wconf 87' lang='lat' dir='ltr'>supra</span> <span class='ocrx_word' id='word_1_115' title='bbox 642 1803 840 1886; x_wconf 84' lang='lat' dir='ltr'>exscriptum</span> <span class='ocrx_word' id='word_1_116' title='bbox 864 1806 1015 1866; x_wconf 86' lang='lat' dir='ltr'>secuntur</span> <span class='ocrx_word' id='word_1_117' title='bbox 1044 1802 1172 1885; x_wconf 84' lang='lat' dir='ltr'>glossae</span> <span class='ocrx_word' id='word_1_118' title='bbox 1200 1801 1251 1866; x_wconf 91' lang='lat' dir='ltr'>dei</span> <span class='ocrx_word' id='word_1_119' title='bbox 1279 1801 1412 1865; x_wconf 90' lang='lat' dir='ltr'>nomina</span> 
     </span>
     <span class='ocr_line' id='line_1_15' title="bbox 265 1905 1410 2009; baseline -0.002 -19"><span class='ocrx_word' id='word_1_120' title='bbox 265 1929 481 1992; x_wconf 69' lang='lat' dir='ltr'>consuentes:</span> <span class='ocrx_word' id='word_1_121' title='bbox 509 1928 648 2009; x_wconf 63' lang='lat' dir='ltr'>naeres</span> <span class='ocrx_word' id='word_1_122' title='bbox 669 1905 816 2009; x_wconf 63' lang='lat' dir='ltr'>araas-a</span> <span class='ocrx_word' id='word_1_123' title='bbox 835 1926 949 1990; x_wconf 66' lang='lat' dir='ltr'>aare</span> <span class='ocrx_word' id='word_1_124' title='bbox 963 1975 971 1990; x_wconf 88' lang='lat'><strong>.</strong></span> <span class='ocrx_word' id='word_1_125' title='bbox 986 1976 1014 1991; x_wconf 94' lang='lat'>..</span> <span class='ocrx_word' id='word_1_126' title='bbox 1060 1926 1180 2008; x_wconf 67' lang='lat' dir='ltr'>Aquila</span> <span class='ocrx_word' id='word_1_127' title='bbox 1201 1905 1343 2007; x_wconf 60' lang='lat' dir='ltr'>aazias</span> <span class='ocrx_word' id='word_1_128' title='bbox 1364 1926 1410 1988; x_wconf 75' lang='lat' dir='ltr'>a·</span> 
     </span>
     <span class='ocr_line' id='line_1_16' title="bbox 264 2011 1411 2114; baseline -0.003 -17"><span class='ocrx_word' id='word_1_129' title='bbox 264 2011 366 2098; x_wconf 27' lang='lat' dir='ltr'>citur·</span> <span class='ocrx_word' id='word_1_130' title='bbox 389 2035 518 2098; x_wconf 75' lang='lat' dir='ltr'>Adonei</span> <span class='ocrx_word' id='word_1_131' title='bbox 532 2082 539 2096; x_wconf 91' lang='lat'><strong>.</strong></span> <span class='ocrx_word' id='word_1_132' title='bbox 555 2082 583 2097; x_wconf 90' lang='lat'>..</span> <span class='ocrx_word' id='word_1_133' title='bbox 629 2033 794 2113; x_wconf 54' lang='lat' dir='ltr'>Aeternum</span> <span class='ocrx_word' id='word_1_134' title='bbox 824 2030 982 2095; x_wconf 88' lang='lat' dir='ltr'>secundae</span> <span class='ocrx_word' id='word_1_135' title='bbox 1005 2030 1185 2114; x_wconf 80' lang='lat' dir='ltr'>particulae</span> <span class='ocrx_word' id='word_1_136' title='bbox 1208 2031 1323 2094; x_wconf 88' lang='lat' dir='ltr'>titulus</span> <span class='ocrx_word' id='word_1_137' title='bbox 1347 2034 1411 2093; x_wconf 88' lang='lat' dir='ltr'>est:</span> 
     </span>
     <span class='ocr_line' id='line_1_17' title="bbox 266 2134 1411 2222; baseline -0.003 -20"><span class='ocrx_word' id='word_1_138' title='bbox 266 2138 316 2202; x_wconf 77' lang='lat' dir='ltr'>‘de</span> <span class='ocrx_word' id='word_1_139' title='bbox 340 2140 506 2204; x_wconf 90' lang='lat' dir='ltr'>uocabulis</span> <span class='ocrx_word' id='word_1_140' title='bbox 530 2143 562 2204; x_wconf 90' lang='lat' dir='ltr'>et</span> <span class='ocrx_word' id='word_1_141' title='bbox 591 2139 706 2204; x_wconf 89' lang='lat' dir='ltr'>officiis</span> <span class='ocrx_word' id='word_1_142' title='bbox 731 2135 946 2222; x_wconf 80' lang='lat' dir='ltr'>angelorum&#39;3</span> <span class='ocrx_word' id='word_1_143' title='bbox 980 2139 1110 2202; x_wconf 87' lang='lat' dir='ltr'>tertiae:</span> <span class='ocrx_word' id='word_1_144' title='bbox 1139 2137 1194 2201; x_wconf 80' lang='lat' dir='ltr'>‘de</span> <span class='ocrx_word' id='word_1_145' title='bbox 1217 2134 1411 2201; x_wconf 87' lang='lat' dir='ltr'>hebreorum</span> 
     </span>
     <span class='ocr_line' id='line_1_18' title="bbox 265 2243 1411 2330; baseline -0.003 -21"><span class='ocrx_word' id='word_1_146' title='bbox 265 2247 433 2310; x_wconf 90' lang='lat' dir='ltr'>nominum</span> <span class='ocrx_word' id='word_1_147' title='bbox 456 2243 794 2330; x_wconf 88' lang='lat' dir='ltr'>interpretationibus&#39;</span> <span class='ocrx_word' id='word_1_148' title='bbox 822 2243 1008 2330; x_wconf 83' lang='lat' dir='ltr'>(Adam...</span> <span class='ocrx_word' id='word_1_149' title='bbox 1061 2246 1238 2310; x_wconf 81' lang='lat' dir='ltr'>Abeltuetcs</span> <span class='ocrx_word' id='word_1_150' title='bbox 1253 2295 1260 2309; x_wconf 93' lang='lat'><strong>.</strong></span> <span class='ocrx_word' id='word_1_151' title='bbox 1275 2293 1304 2308; x_wconf 88' lang='lat'>..</span> <span class='ocrx_word' id='word_1_152' title='bbox 1350 2244 1411 2307; x_wconf 85' lang='lat' dir='ltr'>Ar-</span> 
     </span>
     <span class='ocr_line' id='line_1_19' title="bbox 258 2350 1411 2437; baseline -0.004 -20"><span class='ocrx_word' id='word_1_153' title='bbox 258 2353 391 2435; x_wconf 76' lang='lat' dir='ltr'>ptoaotb</span> <span class='ocrx_word' id='word_1_154' title='bbox 410 2403 417 2417; x_wconf 92' lang='lat'><strong>.</strong></span> <span class='ocrx_word' id='word_1_155' title='bbox 437 2402 471 2418; x_wconf 91' lang='lat'>..</span> <span class='ocrx_word' id='word_1_156' title='bbox 496 2351 588 2437; x_wconf 83' lang='lat' dir='ltr'>sim).</span> <span class='ocrx_word' id='word_1_157' title='bbox 640 2350 798 2416; x_wconf 83' lang='lat' dir='ltr'>Secuntur</span> <span class='ocrx_word' id='word_1_158' title='bbox 831 2351 881 2416; x_wconf 74' lang='lat' dir='ltr'>‘de</span> <span class='ocrx_word' id='word_1_159' title='bbox 914 2352 1142 2416; x_wconf 85' lang='lat' dir='ltr'>ecclesiasticis</span> <span class='ocrx_word' id='word_1_160' title='bbox 1175 2351 1343 2416; x_wconf 88' lang='lat' dir='ltr'>ordinibus</span> <span class='ocrx_word' id='word_1_161' title='bbox 1379 2354 1411 2413; x_wconf 89' lang='lat' dir='ltr'>et</span> 
     </span>
     <span class='ocr_line' id='line_1_20' title="bbox 265 2456 1411 2544; baseline -0.002 -23"><span class='ocrx_word' id='word_1_162' title='bbox 265 2457 466 2523; x_wconf 87' lang='lat' dir='ltr'>ministeriis&#39;</span> <span class='ocrx_word' id='word_1_163' title='bbox 486 2456 754 2543; x_wconf 78' lang='lat' dir='ltr'>(Arcbiepiscopas</span> <span class='ocrx_word' id='word_1_164' title='bbox 768 2509 775 2522; x_wconf 91' lang='lat'><strong>.</strong></span> <span class='ocrx_word' id='word_1_165' title='bbox 791 2508 820 2522; x_wconf 87' lang='lat'>..</span> <span class='ocrx_word' id='word_1_166' title='bbox 865 2459 1024 2544; x_wconf 76' lang='lat' dir='ltr'>Anticlea.</span> <span class='ocrx_word' id='word_1_167' title='bbox 1040 2509 1046 2522; x_wconf 96' lang='lat'>.</span> <span class='ocrx_word' id='word_1_168' title='bbox 1062 2456 1099 2544; x_wconf 85' lang='lat'>.),</span> <span class='ocrx_word' id='word_1_169' title='bbox 1123 2458 1173 2522; x_wconf 73' lang='lat' dir='ltr'>‘de</span> <span class='ocrx_word' id='word_1_170' title='bbox 1195 2458 1289 2523; x_wconf 88' lang='lat' dir='ltr'>libris</span> <span class='ocrx_word' id='word_1_171' title='bbox 1314 2456 1411 2521; x_wconf 91' lang='lat' dir='ltr'>eccle-</span> 
     </span>
     <span class='ocr_line' id='line_1_21' title="bbox 265 2562 1410 2649; baseline -0.001 -20"><span class='ocrx_word' id='word_1_172' title='bbox 265 2563 427 2649; x_wconf 86' lang='lat' dir='ltr'>siasticis&#39;,</span> <span class='ocrx_word' id='word_1_173' title='bbox 450 2563 500 2628; x_wconf 75' lang='lat' dir='ltr'>‘de</span> <span class='ocrx_word' id='word_1_174' title='bbox 524 2562 732 2648; x_wconf 84' lang='lat' dir='ltr'>apocriphis&#39;,</span> <span class='ocrx_word' id='word_1_175' title='bbox 756 2565 826 2628; x_wconf 88' lang='lat' dir='ltr'>sim.</span> <span class='ocrx_word' id='word_1_176' title='bbox 872 2563 918 2628; x_wconf 90' lang='lat' dir='ltr'>Ut</span> <span class='ocrx_word' id='word_1_177' title='bbox 942 2569 1050 2629; x_wconf 90' lang='lat' dir='ltr'>autem</span> <span class='ocrx_word' id='word_1_178' title='bbox 1074 2587 1233 2649; x_wconf 88' lang='lat' dir='ltr'>quaenam</span> <span class='ocrx_word' id='word_1_179' title='bbox 1257 2565 1301 2629; x_wconf 87' lang='lat' dir='ltr'>sit</span> <span class='ocrx_word' id='word_1_180' title='bbox 1325 2565 1410 2647; x_wconf 84' lang='lat' dir='ltr'>glos·</span> 
     </span>
    </p>
   </div>
   <div class='ocr_carea' id='block_1_8' title="bbox 265 2645 1409 2755">
    <p class='ocr_par' dir='ltr' id='par_1_9' title="bbox 265 2645 1409 2755">
     <span class='ocr_line' id='line_1_22' title="bbox 265 2645 1409 2755; baseline -0.002 -19"><span class='ocrx_word' id='word_1_181' title='bbox 265 2645 373 2736; x_wconf 81' lang='lat' dir='ltr'>saruin</span> <span class='ocrx_word' id='word_1_182' title='bbox 395 2671 478 2736; x_wconf 91' lang='lat' dir='ltr'>ratio</span> <span class='ocrx_word' id='word_1_183' title='bbox 501 2670 730 2755; x_wconf 86' lang='lat' dir='ltr'>perspiciatur,</span> <span class='ocrx_word' id='word_1_184' title='bbox 753 2671 890 2753; x_wconf 89' lang='lat' dir='ltr'>paucula</span> <span class='ocrx_word' id='word_1_185' title='bbox 914 2671 1071 2755; x_wconf 86' lang='lat' dir='ltr'>quaedam</span> <span class='ocrx_word' id='word_1_186' title='bbox 1095 2693 1133 2734; x_wconf 86' lang='lat' dir='ltr'>ex</span> <span class='ocrx_word' id='word_1_187' title='bbox 1154 2671 1183 2734; x_wconf 89' lang='lat' dir='ltr'><em>L</em></span> <span class='ocrx_word' id='word_1_188' title='bbox 1201 2673 1312 2736; x_wconf 89' lang='lat' dir='ltr'>littera</span> <span class='ocrx_word' id='word_1_189' title='bbox 1335 2671 1409 2734; x_wconf 90' lang='lat' dir='ltr'>deli-</span> 
     </span>
    </p>
   </div>
   <div class='ocr_carea' id='block_1_9' title="bbox 257 2775 1412 3286">
    <p class='ocr_par' dir='ltr' id='par_1_10' title="bbox 257 2775 1412 3286">
     <span class='ocr_line' id='line_1_23' title="bbox 265 2775 1182 2862; baseline -0.002 -19"><span class='ocrx_word' id='word_1_190' title='bbox 265 2779 365 2862; x_wconf 82' lang='lat' dir='ltr'>babo,</span> <span class='ocrx_word' id='word_1_191' title='bbox 389 2777 444 2842; x_wconf 92' lang='lat' dir='ltr'>ubi</span> <span class='ocrx_word' id='word_1_192' title='bbox 468 2800 498 2860; x_wconf 92' lang='lat' dir='ltr'>p.</span> <span class='ocrx_word' id='word_1_193' title='bbox 518 2777 611 2841; x_wconf 72' lang='lat' dir='ltr'>eona</span> <span class='ocrx_word' id='word_1_194' title='bbox 633 2776 748 2841; x_wconf 88' lang='lat' dir='ltr'>habes:</span> <span class='ocrx_word' id='word_1_195' title='bbox 841 2775 846 2798; x_wconf 63' lang='lat'><strong>⁴</strong></span> <span class='ocrx_word' id='word_1_196' title='bbox 1179 2845 1182 2852; x_wconf 21' lang='grc' dir='ltr'>Ι</span> 
     </span>
     <span class='ocr_line' id='line_1_24' title="bbox 424 2873 1154 2964; baseline 0.003 -17"><span class='ocrx_word' id='word_1_197' title='bbox 424 2889 428 2894; x_wconf 88' lang='grc'><strong>’</strong></span> <span class='ocrx_word' id='word_1_198' title='bbox 645 2886 682 2948; x_wconf 86' lang='lat' dir='ltr'>de</span> <span class='ocrx_word' id='word_1_199' title='bbox 704 2873 1027 2964; x_wconf 51' lang='lat' dir='ltr'>animalibus&#39;seriaa&#39;s</span> <span class='ocrx_word' id='word_1_200' title='bbox 1151 2879 1154 2887; x_wconf 77' lang='lat'>&#39;</span> 
     </span>
     <span class='ocr_line' id='line_1_25' title="bbox 353 2990 1412 3073; baseline -0.001 -18"><span class='ocrx_word' id='word_1_201' title='bbox 353 2991 422 3055; x_wconf 82' lang='lat' dir='ltr'>Leo.</span> <span class='ocrx_word' id='word_1_202' title='bbox 467 2990 529 3054; x_wconf 86' lang='lat' dir='ltr'>Leo</span> <span class='ocrx_word' id='word_1_203' title='bbox 556 2995 658 3054; x_wconf 81' lang='lat' dir='ltr'>nutem</span> <span class='ocrx_word' id='word_1_204' title='bbox 684 3011 791 3073; x_wconf 73' lang='lat' dir='ltr'>praece</span> <span class='ocrx_word' id='word_1_205' title='bbox 821 2991 916 3055; x_wconf 75' lang='lat' dir='ltr'>latice</span> <span class='ocrx_word' id='word_1_206' title='bbox 945 3011 1000 3055; x_wconf 80' lang='lat' dir='ltr'>rec</span> <span class='ocrx_word' id='word_1_207' title='bbox 1026 2992 1244 3072; x_wconf 76' lang='lat' dir='ltr'>interpretatur</span> <span class='ocrx_word' id='word_1_208' title='bbox 1271 3011 1303 3054; x_wconf 86' lang='lat' dir='ltr'>eo</span> <span class='ocrx_word' id='word_1_209' title='bbox 1330 2992 1412 3071; x_wconf 78' lang='lat' dir='ltr'>quod</span> 
     </span>
     <span class='ocr_line' id='line_1_26' title="bbox 257 3096 1410 3179; baseline 0.002 -20"><span class='ocrx_word' id='word_1_210' title='bbox 257 3096 404 3179; x_wconf 73' lang='lat' dir='ltr'>princeps</span> <span class='ocrx_word' id='word_1_211' title='bbox 421 3097 463 3160; x_wconf 75' lang='lat' dir='ltr'>ar</span> <span class='ocrx_word' id='word_1_212' title='bbox 480 3096 646 3160; x_wconf 65' lang='lat' dir='ltr'>baliarum</span> <span class='ocrx_word' id='word_1_213' title='bbox 665 3098 813 3162; x_wconf 79' lang='lat' dir='ltr'>omnium.</span> <span class='ocrx_word' id='word_1_214' title='bbox 845 3097 943 3161; x_wconf 63' lang='lat' dir='ltr'>&amp;cies</span> <span class='ocrx_word' id='word_1_215' title='bbox 952 3117 1051 3179; x_wconf 72' lang='lat' dir='ltr'>pensis</span> <span class='ocrx_word' id='word_1_216' title='bbox 1065 3099 1226 3178; x_wconf 77' lang='lat' dir='ltr'>trifarium</span> <span class='ocrx_word' id='word_1_217' title='bbox 1240 3099 1353 3161; x_wconf 72' lang='lat' dir='ltr'>dicitur</span> <span class='ocrx_word' id='word_1_218' title='bbox 1367 3146 1374 3159; x_wconf 86' lang='lat'><strong>.</strong></span> <span class='ocrx_word' id='word_1_219' title='bbox 1386 3146 1410 3161; x_wconf 92' lang='lat'>..</span> 
     </span>
     <span class='ocr_line' id='line_1_27' title="bbox 352 3203 1409 3286; baseline 0 -21"><span class='ocrx_word' id='word_1_220' title='bbox 352 3203 465 3266; x_wconf 72' lang='lat' dir='ltr'>Leonis</span> <span class='ocrx_word' id='word_1_221' title='bbox 486 3203 670 3268; x_wconf 75' lang='lat' dir='ltr'>uocabulum</span> <span class='ocrx_word' id='word_1_222' title='bbox 697 3225 734 3268; x_wconf 75' lang='lat' dir='ltr'>ec</span> <span class='ocrx_word' id='word_1_223' title='bbox 760 3224 872 3286; x_wconf 70' lang='lat' dir='ltr'>praeco</span> <span class='ocrx_word' id='word_1_224' title='bbox 900 3205 1028 3286; x_wconf 67' lang='lat' dir='ltr'>ardoine</span> <span class='ocrx_word' id='word_1_225' title='bbox 1044 3205 1194 3284; x_wconf 61' lang='lat' dir='ltr'>infimum</span> <span class='ocrx_word' id='word_1_226' title='bbox 1216 3209 1259 3268; x_wconf 84' lang='lat' dir='ltr'>est</span> <span class='ocrx_word' id='word_1_227' title='bbox 1280 3205 1315 3268; x_wconf 80' lang='lat' dir='ltr'>iu</span> <span class='ocrx_word' id='word_1_228' title='bbox 1339 3204 1409 3266; x_wconf 81' lang='lat' dir='ltr'>lati-</span> 
     </span>
    </p>
   </div>
   <div class='ocr_carea' id='block_1_10' title="bbox 264 3414 1428 3813">
    <p class='ocr_par' dir='ltr' id='par_1_11' title="bbox 352 3414 1011 3499">
     <span class='ocr_line' id='line_1_28' title="bbox 352 3414 1011 3499; baseline 0.002 -20"><span class='ocrx_word' id='word_1_229' title='bbox 352 3416 455 3480; x_wconf 81' lang='lat' dir='ltr'>Leeuo</span> <span class='ocrx_word' id='word_1_230' title='bbox 479 3416 579 3499; x_wconf 88' lang='lat' dir='ltr'>[qnod</span> <span class='ocrx_word' id='word_1_231' title='bbox 604 3417 727 3481; x_wconf 89' lang='lat' dir='ltr'>animal</span> <span class='ocrx_word' id='word_1_232' title='bbox 750 3417 794 3480; x_wconf 90' lang='lat' dir='ltr'>sit</span> <span class='ocrx_word' id='word_1_233' title='bbox 817 3414 1011 3498; x_wconf 86' lang='lat' dir='ltr'>explicatur]</span> 
     </span>
    </p>

    <p class='ocr_par' dir='ltr' id='par_1_12' title="bbox 353 3521 859 3606">
     <span class='ocr_line' id='line_1_29' title="bbox 353 3521 859 3606; baseline 0.002 -22"><span class='ocrx_word' id='word_1_234' title='bbox 353 3521 463 3586; x_wconf 78' lang='lat' dir='ltr'>Liuces</span> <span class='ocrx_word' id='word_1_235' title='bbox 487 3521 603 3602; x_wconf 85' lang='lat' dir='ltr'>[fusius</span> <span class='ocrx_word' id='word_1_236' title='bbox 627 3521 859 3606; x_wconf 84' lang='lat' dir='ltr'>depinguntur]</span> 
     </span>
    </p>

    <p class='ocr_par' dir='ltr' id='par_1_13' title="bbox 264 3627 1428 3813">
     <span class='ocr_line' id='line_1_30' title="bbox 352 3627 1411 3712; baseline 0.002 -21"><span class='ocrx_word' id='word_1_237' title='bbox 352 3627 497 3710; x_wconf 55' lang='lat' dir='ltr'>mulsoue</span> <span class='ocrx_word' id='word_1_238' title='bbox 528 3633 614 3712; x_wconf 80' lang='lat' dir='ltr'>suut,</span> <span class='ocrx_word' id='word_1_239' title='bbox 645 3632 680 3691; x_wconf 81' lang='lat' dir='ltr'>ut</span> <span class='ocrx_word' id='word_1_240' title='bbox 700 3628 850 3710; x_wconf 80' lang='lat' dir='ltr'>plinius</span> <span class='ocrx_word' id='word_1_241' title='bbox 879 3629 966 3712; x_wconf 79' lang='lat' dir='ltr'>dicit,</span> <span class='ocrx_word' id='word_1_242' title='bbox 999 3649 1088 3692; x_wconf 77' lang='lat' dir='ltr'>canes</span> <span class='ocrx_word' id='word_1_243' title='bbox 1115 3628 1183 3692; x_wconf 80' lang='lat' dir='ltr'>aeti</span> <span class='ocrx_word' id='word_1_244' title='bbox 1210 3650 1247 3693; x_wconf 77' lang='lat' dir='ltr'>ec</span> <span class='ocrx_word' id='word_1_245' title='bbox 1263 3630 1356 3711; x_wconf 67' lang='lat' dir='ltr'>,lupis</span> <span class='ocrx_word' id='word_1_246' title='bbox 1382 3634 1411 3693; x_wconf 85' lang='lat' dir='ltr'>et</span> 
     </span>
     <span class='ocr_line' id='line_1_31' title="bbox 264 3725 1428 3813; baseline -0.003 -15"><span class='ocrx_word' id='word_1_247' title='bbox 264 3735 392 3799; x_wconf 78' lang='lat' dir='ltr'>oucibus</span> <span class='ocrx_word' id='word_1_248' title='bbox 416 3755 484 3798; x_wconf 80' lang='lat' dir='ltr'>cum</span> <span class='ocrx_word' id='word_1_249' title='bbox 507 3736 587 3798; x_wconf 80' lang='lat' dir='ltr'>inter</span> <span class='ocrx_word' id='word_1_250' title='bbox 609 3755 640 3799; x_wconf 83' lang='lat' dir='ltr'>se</span> <span class='ocrx_word' id='word_1_251' title='bbox 660 3733 740 3813; x_wconf 80' lang='lat' dir='ltr'>forte</span> <span class='ocrx_word' id='word_1_252' title='bbox 762 3733 949 3797; x_wconf 79' lang='lat' dir='ltr'>misceantur</span> <span class='ocrx_word' id='word_1_253' title='bbox 1420 3725 1428 3744; x_wconf 80' lang='lat'>‘</span> 
     </span>
    </p>
   </div>
   <div class='ocr_carea' id='block_1_11' title="bbox 264 3889 1465 4047">
    <p class='ocr_par' dir='ltr' id='par_1_14' title="bbox 264 3889 1465 4047">
     <span class='ocr_line' id='line_1_32' title="bbox 264 3889 1465 3958; baseline 0.002 -14"><span class='ocrx_word' id='word_1_254' title='bbox 264 3894 429 3946; x_wconf 88' lang='lat' dir='ltr'>renovatum</span> <span class='ocrx_word' id='word_1_255' title='bbox 457 3890 512 3944; x_wconf 87' lang='lat' dir='ltr'>fuit</span> <span class='ocrx_word' id='word_1_256' title='bbox 538 3891 568 3944; x_wconf 93' lang='lat' dir='ltr'>in</span> <span class='ocrx_word' id='word_1_257' title='bbox 593 3890 671 3944; x_wconf 83' lang='lat'>1461’</span> <span class='ocrx_word' id='word_1_258' title='bbox 697 3908 724 3958; x_wconf 90' lang='lat' dir='ltr'>p.</span> <span class='ocrx_word' id='word_1_259' title='bbox 745 3894 778 3943; x_wconf 83' lang='lat'>25</span> <span class='ocrx_word' id='word_1_260' title='bbox 803 3889 846 3944; x_wconf 93' lang='lat' dir='ltr'>ed.</span> <span class='ocrx_word' id='word_1_261' title='bbox 869 3890 948 3958; x_wconf 89' lang='lat' dir='ltr'>Peyr.</span> <span class='ocrx_word' id='word_1_262' title='bbox 977 3891 1023 3944; x_wconf 93' lang='lat' dir='ltr'>hic</span> <span class='ocrx_word' id='word_1_263' title='bbox 1051 3892 1137 3945; x_wconf 85' lang='lat' dir='ltr'>codex</span> <span class='ocrx_word' id='word_1_264' title='bbox 1165 3891 1204 3944; x_wconf 86' lang='lat' dir='ltr'>sic</span> <span class='ocrx_word' id='word_1_265' title='bbox 1232 3892 1408 3947; x_wconf 85' lang='lat' dir='ltr'>describitur:</span> <span class='ocrx_word' id='word_1_266' title='bbox 1462 3925 1465 3931; x_wconf 76' lang='lat'><em>,</em></span> 
     </span>
     <span class='ocr_line' id='line_1_33' title="bbox 266 3978 1408 4047; baseline 0 -13"><span class='ocrx_word' id='word_1_267' title='bbox 266 3981 360 4035; x_wconf 79' lang='lat' dir='ltr'>‘Glose</span> <span class='ocrx_word' id='word_1_268' title='bbox 379 3981 414 4034; x_wconf 92' lang='lat' dir='ltr'>de</span> <span class='ocrx_word' id='word_1_269' title='bbox 433 3981 605 4034; x_wconf 87' lang='lat' dir='ltr'>diversarum</span> <span class='ocrx_word' id='word_1_270' title='bbox 628 3994 719 4032; x_wconf 89' lang='lat' dir='ltr'>rerum</span> <span class='ocrx_word' id='word_1_271' title='bbox 742 3978 993 4047; x_wconf 81' lang='lat' dir='ltr'>significationibus</span> <span class='ocrx_word' id='word_1_272' title='bbox 1017 3979 1146 4033; x_wconf 87' lang='lat' dir='ltr'>distincte</span> <span class='ocrx_word' id='word_1_273' title='bbox 1165 3981 1316 4034; x_wconf 89' lang='lat' dir='ltr'>secundum</span> <span class='ocrx_word' id='word_1_274' title='bbox 1336 3982 1408 4036; x_wconf 90' lang='lat' dir='ltr'>ordi-</span> 
     </span>
    </p>
   </div>
   <div class='ocr_carea' id='block_1_12' title="bbox 263 4066 1409 4522">
    <p class='ocr_par' dir='ltr' id='par_1_15' title="bbox 263 4066 1409 4401">
     <span class='ocr_line' id='line_1_34' title="bbox 264 4066 1409 4136; baseline 0 -14"><span class='ocrx_word' id='word_1_275' title='bbox 264 4087 328 4124; x_wconf 91' lang='lat' dir='ltr'>nem</span> <span class='ocrx_word' id='word_1_276' title='bbox 345 4071 504 4123; x_wconf 90' lang='lat' dir='ltr'>litterarum</span> <span class='ocrx_word' id='word_1_277' title='bbox 518 4066 671 4136; x_wconf 85' lang='lat' dir='ltr'>alphabeti.</span> <span class='ocrx_word' id='word_1_278' title='bbox 699 4066 737 4119; x_wconf 84' lang='lat' dir='ltr'>Et</span> <span class='ocrx_word' id='word_1_279' title='bbox 755 4067 907 4121; x_wconf 90' lang='lat' dir='ltr'>secundum</span> <span class='ocrx_word' id='word_1_280' title='bbox 925 4066 953 4120; x_wconf 86' lang='lat' dir='ltr'>fo</span> <span class='ocrx_word' id='word_1_281' title='bbox 999 4084 1045 4120; x_wconf 88' lang='lat' dir='ltr'>am</span> <span class='ocrx_word' id='word_1_282' title='bbox 1063 4085 1096 4120; x_wconf 85' lang='lat' dir='ltr'>ac</span> <span class='ocrx_word' id='word_1_283' title='bbox 1115 4068 1325 4123; x_wconf 87' lang='lat' dir='ltr'>similitudinem</span> <span class='ocrx_word' id='word_1_284' title='bbox 1344 4070 1409 4123; x_wconf 89' lang='lat' dir='ltr'>libri</span> 
     </span>
     <span class='ocr_line' id='line_1_35' title="bbox 264 4086 1408 4226; baseline 0.001 -15"><span class='ocrx_word' id='word_1_285' title='bbox 264 4158 313 4225; x_wconf 91' lang='lat' dir='ltr'>qui</span> <span class='ocrx_word' id='word_1_286' title='bbox 331 4157 433 4211; x_wconf 90' lang='lat' dir='ltr'>dicitur</span> <span class='ocrx_word' id='word_1_287' title='bbox 452 4156 622 4223; x_wconf 84' lang='lat' dir='ltr'>catholicon,</span> <span class='ocrx_word' id='word_1_288' title='bbox 647 4153 724 4208; x_wconf 89' lang='lat' dir='ltr'>cuius</span> <span class='ocrx_word' id='word_1_289' title='bbox 747 4157 889 4208; x_wconf 85' lang='lat' dir='ltr'>auctorem</span> <span class='ocrx_word' id='word_1_290' title='bbox 912 4086 997 4208; x_wconf 66' lang='lat' dir='ltr'>sciil11</span> <span class='ocrx_word' id='word_1_291' title='bbox 1000 4157 1175 4223; x_wconf 89' lang='lat' dir='ltr'>nequivimus</span> <span class='ocrx_word' id='word_1_292' title='bbox 1199 4157 1348 4226; x_wconf 83' lang='lat' dir='ltr'>[Iohannes</span> <span class='ocrx_word' id='word_1_293' title='bbox 1367 4161 1408 4212; x_wconf 86' lang='lat' dir='ltr'>la-</span> 
     </span>
     <span class='ocr_line' id='line_1_36' title="bbox 263 4242 1408 4315; baseline 0.001 -16"><span class='ocrx_word' id='word_1_294' title='bbox 263 4246 374 4300; x_wconf 87' lang='lat' dir='ltr'>nuensis</span> <span class='ocrx_word' id='word_1_295' title='bbox 393 4246 454 4315; x_wconf 87' lang='lat' dir='ltr'>est].</span> <span class='ocrx_word' id='word_1_296' title='bbox 483 4245 520 4299; x_wconf 85' lang='lat' dir='ltr'>Et</span> <span class='ocrx_word' id='word_1_297' title='bbox 538 4244 628 4312; x_wconf 89' lang='lat' dir='ltr'>primo</span> <span class='ocrx_word' id='word_1_298' title='bbox 647 4245 681 4298; x_wconf 90' lang='lat' dir='ltr'>de</span> <span class='ocrx_word' id='word_1_299' title='bbox 699 4242 872 4312; x_wconf 87' lang='lat' dir='ltr'>nominibus,</span> <span class='ocrx_word' id='word_1_300' title='bbox 892 4262 946 4312; x_wconf 90' lang='lat' dir='ltr'>que</span> <span class='ocrx_word' id='word_1_301' title='bbox 965 4245 994 4298; x_wconf 91' lang='lat' dir='ltr'>in</span> <span class='ocrx_word' id='word_1_302' title='bbox 1014 4246 1065 4300; x_wconf 91' lang='lat' dir='ltr'>deo</span> <span class='ocrx_word' id='word_1_303' title='bbox 1084 4247 1194 4315; x_wconf 82' lang='lat' dir='ltr'>proprie</span> <span class='ocrx_word' id='word_1_304' title='bbox 1213 4249 1242 4300; x_wconf 87' lang='lat' dir='ltr'>et</span> <span class='ocrx_word' id='word_1_305' title='bbox 1256 4248 1408 4301; x_wconf 84' lang='lat' dir='ltr'>secuudum</span> 
     </span>
     <span class='ocr_line' id='line_1_37' title="bbox 264 4331 1101 4401; baseline 0.002 -15"><span class='ocrx_word' id='word_1_306' title='bbox 264 4334 414 4401; x_wconf 89' lang='lat' dir='ltr'>quamdam</span> <span class='ocrx_word' id='word_1_307' title='bbox 432 4331 643 4387; x_wconf 88' lang='lat' dir='ltr'>similitudinem</span> <span class='ocrx_word' id='word_1_308' title='bbox 661 4333 799 4386; x_wconf 88' lang='lat' dir='ltr'>dicuntur.</span> <span class='ocrx_word' id='word_1_309' title='bbox 819 4333 915 4401; x_wconf 87' lang='lat' dir='ltr'>magni</span> <span class='ocrx_word' id='word_1_310' title='bbox 933 4333 987 4388; x_wconf 90' lang='lat' dir='ltr'>vol.</span> <span class='ocrx_word' id='word_1_311' title='bbox 1007 4335 1101 4390; x_wconf 87' lang='lat' dir='ltr'>asser.’</span> 
     </span>
    </p>

    <p class='ocr_par' dir='ltr' id='par_1_16' title="bbox 338 4421 1088 4522">
     <span class='ocr_line' id='line_1_38' title="bbox 338 4421 1088 4522; baseline 0.001 -48"><span class='ocrx_word' id='word_1_312' title='bbox 338 4422 357 4490; x_wconf 90' lang='lat'>¹)</span> <span class='ocrx_word' id='word_1_313' title='bbox 376 4421 587 4491; x_wconf 83' lang='lat' dir='ltr'>Etymologioae</span> <span class='ocrx_word' id='word_1_314' title='bbox 606 4423 756 4522; x_wconf 72' lang='lat' dir='ltr'>maximam</span> <span class='ocrx_word' id='word_1_315' title='bbox 775 4423 885 4492; x_wconf 83' lang='lat' dir='ltr'>partem</span> <span class='ocrx_word' id='word_1_316' title='bbox 904 4425 936 4476; x_wconf 89' lang='lat' dir='ltr'>ut</span> <span class='ocrx_word' id='word_1_317' title='bbox 954 4423 1088 4478; x_wconf 84' lang='lat' dir='ltr'>videntur.</span> 
     </span>
    </p>
   </div>
   <div class='ocr_carea' id='block_1_13' title="bbox 0 0 1620 5122">
    <p class='ocr_par' dir='ltr' id='par_1_17' title="bbox 0 0 1620 5122">
     <span class='ocr_line' id='line_1_39' title="bbox 0 0 1620 5122; baseline 0 0"><span class='ocrx_word' id='word_1_318' title='bbox 0 0 1620 5122; x_wconf 95' lang='lat' dir='ltr'> </span> 
     </span>
    </p>
   </div>
  </div>
 </body>
</html>
