3178 5122
669 315 705 322 -
754 295 817 342 VIII
865 314 903 322 ·-

213 439 268 503 diii
285 421 430 520 plnralii,
450 438 534 504 unde
550 438 624 521 ipsa
643 438 752 522 glossa
767 436 956 501 emendatur
975 440 1009 500 et
1023 436 1199 521 suppletur,
1216 437 1359 520 pistrices

214 547 323 610 autem
346 544 563 629 fragmentum
586 543 787 609 Lucilianum
812 566 882 609 esse
906 544 1048 608 discitur.
1095 541 1243 608 Ceterum
1267 544 1358 608 scho-

216 651 300 715 lion'
321 649 362 714 ad
390 651 572 736 Vergilium
609 654 754 735 spectare
792 651 914 716 conicio
945 653 1119 734 propterea
1151 650 1236 734 quod
1267 672 1359 734 prae-

214 756 310 821 eedlt'
511 851 588 922 ntrpt
611 845 750 911 Pistris:
769 813 863 943 'belna
884 847 1012 911 morino
1023 844 1060 933 1)ἵ

303 986 338 1051 Ρ.
362 988 405 1052 49
431 987 503 1052 adn.
548 985 670 1052 Donati
693 988 750 1053 illa
773 991 882 1074 glossa
906 1012 922 1054 a
946 989 1028 1054 libro
1053 989 1235 1074 glossarum
1258 988 1362 1073 petita

151 1167 153 1172 ,
217 1097 280 1178 est,
303 1093 359 1157 ubi
383 1093 497 1158 habes:
521 1094 703 1160 lenociniis:
727 1095 890 1161 Donatus:
914 1095 1147 1178 ‘pronnntiabat
1168 1099 1270 1159 annin
1292 1115 1362 1159 enni

215 1203 382 1278 monitate,
405 1221 475 1265 cirin
498 1201 656 1267 lenociniis
679 1203 770 1267 miris
795 1202 898 1282 [miris
922 1197 960 1264 err
983 1203 1082 1266 maris
1105 1200 1223 1282 corr.]'.

303 1343 337 1407 P.
352 1344 404 1408 66.
440 1341 568 1406 Novam
591 1343 734 1427 glossam
755 1344 795 1408 ad
819 1344 926 1409 bassus
949 1344 1141 1408 adiectivum
1161 1345 1361 1427 spectantem

216 1450 370 1532 praebere
393 1449 519 1513 videtur
543 1450 611 1514 cod.
632 1433 895 1516 Vindobonensis
919 1451 1020 1534 2404,
1042 1452 1126 1516 unde
1148 1450 1362 1516 Endlicherus

215 1557 249 1620 in
273 1555 423 1640 catalogo
447 1551 490 1639 (v.
513 1555 597 1619 infra
620 1580 650 1640 p.
677 1554 753 1641 138)
778 1557 932 1622 bassas:
950 1558 1082 1640 pinpncs
1105 1578 1175 1622 noes
1197 1557 1363 1641 excerpsit.

216 1661 262 1726 At
284 1685 351 1727 non
375 1662 488 1727 dubito
512 1663 589 1746 quin
613 1662 659 1727 ibi
682 1663 813 1728 bassns:
831 1664 975 1748 pinpnis,
998 1663 1102 1729 obesus
1129 1663 1363 1728 emendandum

219 1769 263 1833 sit
286 1769 403 1834 collata
427 1769 569 1834 eiusdem
588 1771 717 1854 glossae
741 1770 838 1835 simili
858 1771 1039 1854 corruptela
1062 1769 1180 1836 codicis
1199 1769 1365 1835 Leidensis

222 1875 300 1940 GIF
316 1877 327 1914 ¹
346 1875 368 1939 f.
390 1875 490 1939 lovb:
514 1877 604 1940 bosso
619 1894 628 1939 τ
645 1877 779 1959 pinpnes
802 1877 914 1941 obesus.

305 2015 340 2080 P.
364 2017 416 2080 69.
463 2016 553 2081 Adde
582 2017 876 2083 Camberonensem
907 2019 991 2101 apud
1015 2019 1067 2083 Du
1092 2018 1251 2105 Congium
1280 2021 1365 2104 glos-

219 2145 287 2187 sam
307 2123 402 2206 pilio
418 2139 426 2185 τ
450 2143 505 2188 nos
522 2124 628 2205 fictile,
646 2124 741 2188 idest
759 2123 938 2189 innectis.
976 2123 1140 2190 Brevioris
1160 2127 1289 2212 glossae
1308 2149 1366 2191 no-

121 2230 129 2244 '
217 2252 295 2293 vum
317 2228 542 2294 testimonium
570 2251 608 2292 ex
631 2228 779 2294 Leidensi
806 2229 893 2294 671)
923 2231 1009 2295 infra
1030 2254 1061 2314 p.
1087 2233 1160 2316 117,
1186 2233 1225 2296 17
1251 2232 1366 2297 excita-

217 2359 330 2401 vimus.
453 2365 456 2372 ¹

306 2478 339 2543 P.
365 2480 406 2543 76
430 2500 477 2562 sq.
523 2479 668 2543 Obscura
695 2479 820 2568 glossa²
845 2479 935 2544 cuius
963 2479 1083 2543 lemma
1110 2479 1207 2544 hoster
1234 2483 1299 2564 est,
1328 2502 1366 2544 ex

217 2587 301 2650 libro
326 2583 506 2670 glossarum
531 2584 636 2649 fluxit:
660 2586 780 2651 bootes:
803 2606 921 2669 omnin,
944 2607 1102 2651 ocronnin.

307 2727 341 2792 P.
365 2730 406 2793 87
432 2750 500 2812 sqq.
546 2726 724 2792 Hebraicas
758 2729 910 2812 glossarii
938 2728 1207 2793 Hildebrandiani
1240 2730 1366 2814 glossas

220 2836 354 2920 collegit
371 2834 577 2899 Hermannus
596 2835 798 2900 Roenschius
818 2835 853 2899 in
871 2835 977 2900 Musei
995 2835 1144 2900 Rhenani
1167 2838 1190 2899 t.
1209 2835 1300 2900 XXX
1324 2834 1367 2922 (a.

221 2940 321 3028 1875)
345 2966 375 3026 p.
398 2941 584 3006 449-455.
629 2940 679 3005 Ibi
709 2943 865 3025 expositis
895 2966 961 3008 non
989 2944 1079 3008 nulla
1101 2965 1161 3008 nos
1186 2943 1366 3008 addidimus

189 3059 194 3068 '
216 3050 336 3115 ibidem
359 3072 390 3133 p.
409 3049 596 3114 616-618.

306 3190 341 3256 Ρ.
356 3191 398 3257 98
415 3214 483 3276 sqq.
521 3190 613 3267 Quod
638 3191 676 3256 de
699 3214 783 3256 novo
808 3191 916 3257 codice
939 3193 1095 3277 plenioris
1115 3193 1262 3259 ‘abavus’
1282 3195 1367 3280 glos-

194 3321 326 3366 sarum
349 3298 522 3363 memoriae
545 3320 676 3362 narrare
698 3321 845 3382 possum,
864 3299 926 3364 hoc
941 3298 1099 3384 Georgii
1114 3298 1264 3364 Goetzii
1288 3301 1367 3366 ami-

218 3405 313 3470 citiae
337 3405 446 3470 debeo.
492 3405 555 3482 Qui
583 3406 659 3470 dnm
687 3426 789 3490 nuper
812 3404 960 3471 Hauniae
983 3411 1142 3492 versatur,
1170 3411 1306 3492 quaest
1333 3408 1367 3471 in

218 3513 298 3577 haec
322 3535 394 3576 mea
418 3512 525 3596 studia
548 3534 710 3596 propensa
733 3513 910 3597 voluntate,
930 3513 963 3577 in
987 3514 1130 3579 codicem
1154 3513 1368 3578 bibliothecae

218 3618 423 3683 academicae
441 3640 527 3682 nunc
552 3619 607 3702 26,
632 3619 709 3682 olim
736 3620 812 3702 144,
835 3621 968 3684 membr.
996 3643 1078 3685 saec.
1101 3620 1167 3684 fere
1191 3620 1230 3704 X,
1254 3621 1296 3684 63
1319 3620 1368 3684 fo-

210 3727 335 3791 ·liorum
360 3723 400 3789 2⁰
422 3726 604 3791 accuratius
627 3725 805 3809 inquisivit.
851 3725 950 3790 Ouius
974 3726 1051 3790 libri
1075 3727 1237 3810 quondam
1255 3708 1392 3791 Fabri-v

219 3833 305 3898 ciani
328 3832 350 3894 f.
376 3834 407 3895 1r
428 3854 565 3896 vacuum
589 3836 650 3917 est,
681 3835 714 3897 1v
736 3832 822 3897 hunc
845 3833 989 3916 titulum,
1013 3832 1103 3897 ouius
1130 3832 1271 3924 primum
1299 3837 1368 3896 tan·

217 3943 287 4002 tum
311 3938 501 4002 vocabulum
525 3939 589 4024 legi
615 3942 737 4023 potest,
761 3939 902 4004 exhibet:
930 3937 1158 4004 INCIPIUNT
1180 3937 1369 4025 sffssslsssflsslslſj

220 4045 339 4130 Incipit
363 4049 470 4110 autem
493 4046 514 4111 f.
538 4047 584 4112 2¹:
607 4047 733 4110 atino:
757 4048 856 4112 deioco
947 4047 1102 4111 nbinitio:
1126 4047 1300 4129 aprincipio

219 4154 410 4218 abitrosnm:
434 4158 596 4237 remotnin,
621 4153 731 4238 latens,
754 4154 934 4220 absconsum
1024 4153 1150 4218 obitus:
1175 4153 1257 4218 locris
1280 4173 1369 4235 qnein

273 4448 276 4454 .
297 4399 315 4467 ¹)
342 4398 448 4454 Eadem
468 4398 562 4468 glossa
580 4388 654 4454 inter
664 4405 735 4468 pest·
751 4398 791 4454 sic
808 4398 914 4454 inserta
932 4400 988 4453 est:
1001 4363 1136 4467 pestem:
1156 4398 1235 4453 belna
1248 4399 1368 4453 taurina.
