3178 5122
713 314 934 386 ⁴40-

251 475 369 550 codicis
392 482 559 548 Leidensis
588 481 664 547 dlE
694 507 718 549 s.
741 482 787 546 IX
819 482 1088 567 permemorabile
1117 479 1327 565 glossarium,
1356 499 1395 543 ex

251 590 375 655 duobus
394 589 539 654 fontibus
558 589 690 653 fluxisse
709 589 889 672 videantur,
909 589 960 652 cui
978 588 1025 652 rei
1044 588 1302 672 comprobandae
1322 609 1395 651 cum

251 695 304 761 hic
331 698 421 761 locus
449 696 596 780 nonsit,
623 696 683 760 has
707 695 786 760 duas
810 696 938 788 glossas
967 717 1005 759 ex
1029 694 1137 759 codice
1165 694 1223 758 illo
1246 693 1395 757 Leidensi

250 803 273 867 f.
296 803 384 868 deva
406 804 616 886 exscripsisse
638 825 724 867 nunc
747 803 828 868 satis
851 802 970 866 habeo:

385 945 592 1028 Quisqrrilias:
632 948 841 1028 proponente
867 945 903 1008 de
924 943 1153 1008 summitatibus
1180 941 1397 1024 corticitmqne

422 1073 588 1136 pomorum

340 1175 509 1243 qaisqairias
528 1217 534 1228 .
555 1217 561 1229 .
581 1219 588 1231 .
607 1173 783 1228 caecitatibus
802 1214 807 1226 .
828 1213 834 1226 .
855 1217 861 1227 .
876 1188 1048 1242 polomorum
1067 1172 1160 1226 codex.

386 1301 592 1383 Quisqailcbs:
637 1302 775 1366 surculos
810 1301 944 1365 minutos
974 1300 1020 1364 cel
1050 1299 1160 1381 paleas
1191 1299 1397 1380 cuiuscunque

431 1407 594 1490 leguminis

342 1529 470 1583 saculos
487 1528 611 1582 minutus
630 1568 636 1581 .
657 1570 663 1582 .
683 1570 689 1583 .
709 1529 851 1599 ligaminis
871 1529 965 1583 codex.

339 1655 400 1720 His
415 1656 482 1721 iam
496 1656 653 1739 expositis
672 1678 738 1720 non
761 1656 854 1720 video
875 1655 952 1739 quid
966 1656 1068 1719 restet
1086 1653 1151 1718 nisi
1171 1657 1208 1717 ut
1222 1654 1397 1738 glossario-

252 1783 325 1826 rum
340 1763 459 1847 copiae,
479 1785 561 1848 quae
575 1764 803 1846 perlustrantia
820 1763 964 1828 animum
977 1783 1079 1845 paene
1093 1761 1274 1845 perturbat,
1293 1761 1397 1845 quoad

190 1951 193 1960 Ι
252 1867 324 1931 fieri
346 1869 451 1951 possit
473 1869 508 1932 in
531 1869 677 1933 ordinem
699 1869 893 1954 redigendae
916 1868 1096 1951 pericnlum
1119 1866 1286 1931 faciamus.
1327 1866 1396 1942 Quo

251 1973 286 2037 in
306 1994 424 2058 genere
444 1976 499 2060 qui
517 1977 702 2041 nniversam
721 1976 892 2041 materiam
910 1976 1068 2040 incertas
1088 1977 1198 2058 partes
1217 1973 1398 2037 discernere

251 2080 345 2164 velit,
374 2103 446 2145 eum
469 2081 618 2145 inutilem
643 2082 790 2147 laborem
814 2082 938 2148 frustra
965 2081 1029 2146 sibi
1051 2080 1278 2162 impositurum
1309 2083 1398 2162 puto,

252 2186 405 2270 quoniam
425 2188 609 2270 glossarum
631 2188 802 2272 multiplex
827 2191 859 2253 et
881 2188 1051 2252 intricatus
1071 2207 1211 2252 conexus
1238 2186 1309 2249 fieri
1332 2208 1397 2250 non

253 2295 363 2374 potest
382 2293 461 2376 quin
485 2294 553 2357 eius
574 2292 662 2358 modi
682 2297 799 2358 conatu
821 2293 1004 2380 divellatur.
1040 2291 1155 2358 Nihilo
1170 2295 1282 2355 tamen
1296 2293 1397 2356 setius

251 2418 318 2462 non
344 2399 436 2463 nulla
464 2399 619 2464 const'tui
646 2402 797 2483 possunt,
825 2387 997 2482 quae'non
1024 2399 1093 2462 sine
1122 2397 1232 2481 aliqua
1254 2398 1398 2463 utilitate

254 2504 450 2569 memineris.
495 2504 630 2568 Etenim
654 2507 682 2569 si
702 2506 779 2589 quid
797 2506 904 2589 video,
928 2504 1102 2589 ‘glossaria
1119 2503 1234 2568 latina'
1257 2504 1320 2569 duo
1340 2505 1398 2568 im-

252 2611 366 2694 primis
387 2634 558 2696 corporum
576 2633 695 2697 genera
710 2612 868 2696 appellari
888 2613 1002 2676 solent.
1034 2610 1183 2675 Alterum
1203 2631 1303 2695 genus
1319 2611 1399 2675 illud

255 2721 318 2803 est,
347 2719 433 2802 quod
456 2742 516 2784 usu
539 2719 612 2783 inde
637 2721 678 2785 ab
707 2719 914 2804 antiquitatis
937 2719 1138 2803 temporibus
1168 2719 1299 2802 vigente
1323 2717 1398 2782 sim-

254 2825 355 2906 plices
371 2825 628 2910 'comprehendit
656 2828 827 2911 glossas,
859 2826 921 2892 hoc
949 2829 999 2890 est
1026 2826 1186 2890 vocabula
1213 2824 1338 2889 rariora
1365 2828 1398 2888 et

252 2934 426 3013 propterea
440 2919 655 3014 explicatione
671 2932 802 3014 egentia
815 2953 887 2996 cum
907 2932 1205 3015 interpretamentis
1220 2931 1399 3015 coniuncta,

253 3036 461 3100 cuiusmodi
494 3040 544 3100 est
571 3036 661 3101 velut
688 3037 806 3102 codicis
830 3037 997 3102 Leidensis
1021 3038 1097 3102 6711
1125 3038 1258 3102 14311)
1287 3038 1399 3122 glossa

253 3142 514 3224 obquinc'scebant:
551 3144 745 3208 inclinabant
775 3165 814 3209 se.
868 3144 1042 3208 Praeterea
1074 3147 1182 3209 autem
1211 3145 1398 3228 plossorlum

205 3289 209 3294 -
255 3248 412 3314 vocabulo
435 3249 532 3333 paulo
551 3251 625 3334 plus
644 3251 824 3315 tribuentes
844 3249 1017 3335 ‘glossaria
1036 3251 1150 3315 latina'
1170 3251 1270 3315 etiam
1290 3251 1399 3335 ampla

253 3355 311 3420 illa
339 3378 476 3440 corpora
503 3357 719 3441 appellamus,
749 3358 783 3422 in
811 3380 893 3442 quae
925 3362 1084 3442 praeter
1112 3358 1258 3423 multos
1291 3359 1398 3422 locos

254 3485 298 3526 ex
313 3464 432 3527 certis
452 3463 716 3547 scriptoribus
736 3469 940 3547 excerptos
961 3465 1060 3529 etiam
1079 3449 1232 3550 ‘glossae'
1251 3470 1398 3548 receptae

254 3573 342 3634 sunt:
379 3570 469 3635 cuius
497 3569 626 3654 quidem
659 3569 786 3655 generis
819 3568 1111 3635 luculentissimum
1139 3572 1321 3654 exemplum
1350 3575 1400 3635 est

254 3675 354 3740 ‘liber
376 3676 432 3739 ille
460 3674 668 3760 glossarum',
692 3697 730 3738 ex
755 3698 818 3759 quo
842 3675 977 3759 Papiae,
1005 3675 1233 3762 ‘Salomonis',
1261 3678 1400 3742 aliorum

255 3782 418 3866 glossaria
441 3782 586 3846 derivata
606 3788 690 3865 sunt,
713 3781 769 3846 ubi
788 3785 917 3865 praeter
935 3782 1069 3866 Placidi,
1086 3783 1258 3868 Eutychis,
1281 3806 1400 3868 anony-

255 3912 382 3955 morum
406 3888 534 3973 glossas
558 3888 657 3953 etiam
685 3889 787 3953 multa
817 3889 928 3954 insunt
950 3912 1054 3974 neque
1078 3911 1117 3954 ea
1143 3891 1235 3974 parvi
1259 3892 1399 3968 ambitus

256 4018 294 4060 ex
314 3996 511 4080 Augustino,
530 3995 714 4079 Ambrosio,
736 3994 873 4080 Isidoro,
892 3997 974 4080 aliis,
998 3999 1033 4060 ut
1051 3996 1182 4060 notulae
1202 3998 1400 4082 marginales

255 4102 408 4186 indicant,
428 4106 586 4186 excerpta.
623 4101 736 4188 Neque
756 4107 867 4167 tamen
885 4103 995 4168 omnia
1017 4102 1111 4167 huius
1131 4105 1259 4186 generis
1279 4104 1400 4188 glossa-

254 4210 305 4274 ria
327 4213 397 4273 tam
420 4209 551 4292 capacia
579 4212 666 4293 sunt,
694 4232 767 4274 cum
791 4210 891 4274 etiam
915 4209 1041 4292 glossas
1064 4209 1212 4273 Petronii
1242 4233 1323 4294 quae
1346 4233 1399 4275 vo·

255 4319 370 4380 cantur
392 4315 576 4400 similiaque
600 4322 751 4399 excerpta
780 4339 837 4380 suo
861 4317 930 4381 inre
959 4316 1118 4400 quispiam
1142 4317 1205 4382 huc
1227 4316 1400 4381 rettulerit.

255 4421 326 4489 Hoc
350 4444 465 4507 genus,
487 4423 545 4487 ubi
568 4424 730 4507 glossaria
752 4425 857 4488 latina
878 4423 1176 4510 perlustrabantur,
1200 4424 1304 4488 altero
1328 4424 1400 4491 loco
