3222 5122
199 433 335 502 Videtur
363 440 470 501 autem
498 433 677 501 Salmasius
707 440 793 501 recte
822 437 976 501 torarim:
1008 435 1238 515 ὠλενατρόφο(
1269 436 1345 500 scri-

198 541 311 624 psisse.
355 543 456 609 Errat
478 542 657 609 Vulcanius
681 541 856 608 ‘notarum'
879 565 910 627 p.
930 543 981 608 67.

290 685 339 749 12.
371 684 410 749 In
443 685 642 750 emendando
675 684 873 750 Bacchidum
905 706 1000 749 versu
1031 681 1346 770 H1,3,67(471):
1381 751 1389 764 ,

200 825 309 911 ‘atque
333 849 495 892 acerrume
519 801 668 912 adstuoss
693 827 860 912 absorbet,
883 827 940 892 ubi
959 848 1116 912 quemque
1136 825 1259 914 attigit'
1283 824 1344 914 (sic

199 930 240 1016 B3
263 937 329 1016 atq,·
353 955 531 1000 aauucameu
553 941 596 1000 est
613 956 669 1001 uos
687 933 726 1020 ῦς
750 940 840 1018 atque
861 955 1001 1000 ααανααα
1024 955 1061 998 αα
1077 934 1095 998 ἔ
1114 954 1185 999 uase
1202 931 1247 1016 D)
1271 955 1344 998 cum

199 1037 255 1102 alii
278 1023 413 1104 aestuosa
436 1041 624 1113 adverbium
643 1041 866 1124 retinuissent,
890 1039 1089 1104 Ritschelius
1108 1039 1288 1105 rectissime
1307 1041 1344 1103 ut

198 1147 278 1227 puto
292 1151 431 1212 aestuosa
450 1147 643 1213 adiectivum
662 1147 839 1213 substituit.
863 1147 895 1213 N
897 1169 939 1212 on
953 1147 1061 1231 inepte
1081 1147 1243 1231 quispiam
1257 1169 1343 1211 com-

198 1252 364 1333 paraverit
392 1253 559 1337 scriptoris
588 1254 753 1319 cuiusdam
784 1251 939 1340 (fortasse
968 1254 1070 1338 ipsius
1099 1251 1222 1339 Plauti)
1254 1253 1343 1342 frag7
1459 1326 1464 1335 ¹

199 1361 343 1424 mentum
368 1381 387 1424 a
409 1359 541 1425 Placido
567 1364 744 1432 servatum:

309 1460 402 1532 auus
425 1472 617 1560 aestuosa:
642 1468 779 1548 quadiu
801 1468 926 1532 modum
948 1467 1099 1531 aesteeueii
1120 1467 1219 1530 maris

560 1573 710 1657 hauserit,
733 1575 768 1639 id
789 1579 834 1640 est
855 1574 962 1638 libuit

285 1677 415 1732 Placidus
432 1677 607 1748 Deuerliugii
625 1697 653 1748 p.
673 1685 745 1744 12,1
767 1680 948 1746 (aestuantis).

289 1787 339 1851 13.
362 1785 414 1850 Ad
432 1785 621 1852 Rudentis
641 1786 698 1870 IV,
713 1787 743 1871 4,
753 1787 796 1851 65
815 1783 932 1873 (1109)
956 1809 1084 1852 versum
1108 1792 1237 1872 praeter
1251 1787 1343 1853 Pauli

198 1916 227 1977 p.
246 1893 353 1977 46,11
379 1893 536 1957 caudeae
558 1891 747 1957 cistellae:
771 1912 808 1956 eu
830 1893 933 1976 iuuco,
956 1913 978 1956 α
994 1893 1198 1960 similitudine
1216 1894 1344 1975 equium
1475 1955 1479 1964 ,

197 2001 313 2065 madae
332 2001 435 2082 factae
458 1999 557 2063 etiam
575 1997 699 2063 Placidi
718 2021 748 2082 p.
767 1998 854 2082 Pb,9
879 1998 990 2084 glossa
1013 2003 1151 2082 spectat:
1175 2001 1342 2064 caudeam:

195 2107 349 2189 iuuceaeu,
380 2107 462 2189 quod
491 2106 601 2170 irauceu
630 2105 730 2170 cauda
757 2111 905 2189 aucupet·
933 2106 1040 2170 eluceat
1064 2111 1094 2170 et
1123 2104 1282 2188 ‘scirpum’
1314 2111 1343 2170 et

134 2259 136 2264 .
198 2212 316 2278 ‘tebim'.
345 2211 538 2277 Falsissimc
562 2211 597 2276 in
619 2211 731 2276 lexicis
751 2211 866 2276 caudeo
883 2211 999 2276 cistella
1017 2212 1182 2295 explicant
1205 2212 1340 2279 ‘hblzcr-

196 2342 253 2384 nes
285 2318 467 2384 Kistohen':
504 2319 623 2384 diserte
656 2318 744 2383 enim
776 2318 842 2382 illis
880 2317 960 2383 locis
994 2318 1150 2382 traditum
1185 2319 1342 2384 habemus

196 2429 327 2492 caudeas
344 2427 474 2492 cistellas
497 2426 597 2491 fuisse
620 2428 752 2491 iuaceos.
784 2424 915 2490 Inducti
934 2429 1011 2490 sunt
1029 2427 1145 2491 αααᾱαα
1164 2423 1342 2512 (εααᾱαα)

197 2533 347 2599 vocabuli
370 2533 589 2598 similitudine.
628 2532 704 2598 Non
730 2532 792 2598 hoc
816 2553 1114 2610 commemorarem,
1139 2521 1203 2596 nisi
1228 2555 1343 2616 nuper·
1433 2551 1436 2558 ⁴

196 2639 277 2726 rime
297 2637 331 2704 O.
345 2638 388 2704 M.
403 2639 610 2704 Franckenus
631 2637 675 2724 (v.
691 2639 758 2702 eius
774 2637 955 2718 ‘'Annotata
972 2637 1012 2702 ad
1026 2637 1135 2702 Plauti
1149 2637 1342 2705 Rudentem’

196 2747 239 2809 in.
259 2745 492 2828 Mnemosyncs
520 2768 550 2808 n.
572 2767 595 2810 s.
619 2748 642 2809 t.
662 2744 712 2809 ΠΙ
736 2741 777 2832 (a.
799 2743 898 2832 1875)
923 2768 953 2830 p.
973 2746 1015 2810 59
1026 2742 1109 2830 sqq.)
1137 2746 1342 2828 tralaticium

195 2852 372 2917 lexicorum
386 2872 528 2916 errorem
541 2851 693 2916 iterasset
709 2849 745 2916 'et
759 2850 884 2917 Placidi
904 2852 1047 2938 glossam
1067 2851 1147 2916 ‘non
1162 2852 1244 2917 assis
1260 2851 1341 2916 esse'

196 2957 423 3024 contendisset.

287 3100 337 3164 14.
362 3096 529 3183 ‘Patagus’
553 3100 647 3184 quale
666 3083 797 3166 tandem
816 3102 922 3167 morbi
944 3123 1045 3188 genus
1069 3101 1168 3167 fuerit
1191 3101 1342 3166 nescitur.

198 3204 308 3282 Quode
336 3228 433 3290 quam
460 3206 569 3271 uariae
598 3206 777 3271 sententiae
805 3210 951 3292 prolatae
982 3209 1087 3273 sinte
1112 3205 1247 3273 Gesneri
1274 3208 1343 3272 the-

186 3319 295 3379 ‘sauro
317 3336 346 3379 v.
363 3318 500 3396 petasus
522 3312 604 3378 disci
627 3317 745 3397 potest.
790 3313 936 3380 Pertinet
962 3317 1071 3378 autem
1099 3313 1343 3399 quaestiuncula

197 3420 238 3484 ad
267 3419 347 3485 haec
375 3424 488 3485 nostra
516 3419 638 3503 studia,
671 3441 744 3485 cum
767 3418 920 3485 Plautum
948 3443 987 3485 ca
1013 3443 1091 3486 voce
1115 3422 1343 3505 glossematica

122 3566 129 3575 -
197 3549 291 3592 usum
315 3548 385 3592 esse
409 3548 426 3590 c
448 3524 616 3591 Macrobio
641 3524 770 3594 Satura.
793 3525 834 3610 V,
851 3527 895 3591 19.
915 3527 1064 3592 sciamus.
1109 3526 1263 3593 Plautina
1284 3527 1343 3592 illa

197 3632 278 3698 haec
308 3638 397 3698 sunt:
429 3654 546 3698 mecum
572 3633 661 3698 lrabet
684 3638 844 3716 putapus
871 3654 923 3698 aes
949 3634 1082 3698 morbus.
1126 3630 1219 3699 Nihil
1246 3635 1342 3717 profi-

198 3739 301 3804 cimus
324 3737 417 3804 Pauli
440 3761 471 3821 p.
490 3739 565 3822 221,
584 3737 604 3802 3
627 3737 748 3802 verbis:
774 3743 930 3820 pampus:
959 3739 1058 3804 aaut
1076 3759 1187 3822 penum
1221 3740 1342 3825 aliquid

197 3849 283 3912 certe
300 3867 386 3911 noua
405 3846 516 3931 glossa
532 3848 669 3927 pelope:
685 3864 781 3927 yeuus
798 3845 898 3912 aaut
916 3842 1021 3930 (velut
1038 3846 1074 3910 in
1091 3844 1253 3911 Vossiano
1272 3845 1341 3911 Pol.

198 3955 254 4019 82:
273 3953 388 4038 morui3
408 3951 550 4016 eiusdem
569 3950 634 4015 alio
652 3950 736 4016 loco:
750 3955 874 4036 pctap03
896 3952 994 4035 gloss.
1014 3951 1129 4018 Isidori
1148 3974 1178 4036 p.
1195 3952 1270 4038 689,
1284 3953 1341 4018 47:

197 4062 325 4144 mertui3
350 4059 418 4144 al.),
441 4059 525 4124 unde
541 4063 659 4141 pelope
682 4079 808 4143 quoque
831 4058 970 4124 formam
994 4058 1157 4124 exstitisse
1176 4053 1341 4144 cognosci-

198 4188 278 4232 mus.
310 4166 504 4231 Plenissime
524 4169 632 4230 autem
651 4165 829 4248 explicatur
842 4167 1009 4251 pataginis
1027 4169 1144 4231 natura
1163 4166 1203 4231 ab
1218 4166 1341 4232 Attonc

197 4274 321 4358 polypt.
338 4297 369 4358 p.
384 4274 441 4339 58:
465 4272 562 4338 ‘inter
573 4273 754 4356 patapiucue
773 4276 807 4338 et
821 4275 987 4356 patapiuue
1005 4273 1068 4339 hoc
1086 4273 1207 4338 differt:
1224 4279 1342 4358 patapo

198 4384 247 4444 est
269 4381 465 4446 exulceratio
494 4380 574 4464 oris,
603 4380 688 4463 quod
717 4402 789 4444 cum
816 4381 1020 4464 intumuerit,
1048 4401 1149 4466 paene
1170 4363 1339 4468 elinguem
