3222 5122
708 313 950 377 -310—

260 475 495 540 Monacensem.
523 471 724 557 Discrepant'
738 473 825 537 enim
844 473 910 537 alii.
937 471 1037 537 Velut
1056 472 1160 538 ‘vetus
1180 473 1280 538 codex
1294 472 1334 538 V.
1358 472 1405 538 Ol.

259 581 407 646 Mercurii
426 580 545 645 diserte
565 581 721 664 scriptum
736 579 868 644 exhibet
880 581 962 645 nocti
979 577 1109 666 uupa'1)
1133 567 1280 665 idemque
1301 602 1317 644 e
1335 580 1405 645 Lei-

260 687 351 752 densi
369 687 430 751 116
445 685 606 768 Lucienus
621 685 797 751 Muellerus
812 689 937 770 enotat,
956 691 1108 770 excerpta
1126 690 1235 751 autem
1254 686 1406 771 glossarii

260 792 443 859 Salomonis
461 829 498 875 ‚—
515 797 553 858 ut
574 793 716 858 breviter
737 794 911 877 loquamur
925 831 967 839 —
990 793 1013 856 f.
1028 792 1137 858 273¹b
1161 796 1194 856 et
1216 793 1315 858 codex
1337 792 1405 877 qui·

259 901 334 964 dam
352 899 470 964 Nansii
494 899 646 965 aVossio
670 900 705 964 in
724 900 955 984 Etymologico
974 923 1004 982 p.
1020 899 1111 962 3461)
1136 903 1406 964 commemoratus

258 1008 455 1090 noctiiupcm,
474 1009 510 1070 ut
528 1009 654 1070 taceam
673 1006 712 1069 de
726 1006 829 1070 altero
844 1005 962 1070 Nansii
977 1005 1094 1089 codice,
1113 1004 1407 1089 undenoctc'pcucm

258 1113 343 1177 idem
366 1111 505 1176 Vossius
535 1111 655 1176 ibidem
683 1112 812 1176 excitat.
859 1111 907 1176 Ac
932 1109 1078 1196 Scaliger
1102 1112 1229 1196 quidem
1247 1113 1287 1180 ¹in
1311 1111 1405 1178 ‘Son-

261 1216 429 1284 iectaneis'
452 1216 638 1300 coctilcpcm
661 1220 833 1300 putaverat
856 1239 949 1282 avem
974 1218 1053 1281 mali
1076 1219 1194 1282 ominis
1214 1240 1284 1283 esse
1307 1222 1407 1284 noctu

258 1327 441 1409 lugentem,
469 1325 511 1389 ad
539 1346 636 1408 quam
659 1324 818 1388 obscenum
840 1323 1033 1388 vocabulum
1058 1345 1135 1388 sane
1158 1325 1331 1409 quadraret
1353 1298 1432 1410 (ch

259 1432 444 1516 Vergilium
458 1429 622 1494 Aeneidos
637 1429 709 1514 XII,
720 1430 798 1496 876:
813 1431 955 1495 obscenae
971 1431 1132 1516 volucres),
1151 1431 1283 1495 minime
1299 1434 1406 1496 autem

231 1527 299 1604 ⁸ad
331 1537 443 1603 Ursini
474 1537 681 1619 Noctilucam,
719 1559 800 1621 qnae
834 1540 884 1601 est
920 1539 1010 1620 luna,
1042 1533 1193 1621 ‘Grdrffll
1224 1536 1406 1626 ,Lucienus
1459 1524 1464 1532 ¹

257 1644 435 1709 Muellerus
464 1644 660 1742 satis5caste
688 1643 877 1725 coctiiupcm
903 1643 1091 1726 proposuit,
1120 1663 1217 1726 quam
1246 1642 1406 1707 coniectu-

259 1775 329 1816 ram
354 1746 598 1833 ‘excerptorum'
630 1752 662 1811 et
691 1747 810 1811 codicis
834 1748 994 1813 Nansiani
1021 1748 1179 1813 memoria
1209 1747 1324 1812 fulcire
1351 1772 1407 1832 po·

259 1857 354 1923 terat.
391 1857 461 1920 Iam
483 1853 662 1920 Salmasius
686 1855 720 1917 in
739 1852 909 1918 ‘Plinicnis
932 1852 1242 1920 Exercitationibus'
1266 1855 1405 1919 lhaiect‘

262 1989 289 2030 a.
317 1964 400 2030 1689
430 1962 526 2027 editis
554 1984 584 2045 p.
609 1960 677 2024 lOb
705 1961 899 2043 noctipupcm
932 1959 1116 2035 emendavit
1147 1964 1292 2026 veterum
1322 1963 1408 2047 glos-

260 2070 622 2138 sarumPalatinarum
657 2089 729 2152 ope,
761 2067 817 2130 ubi
850 2089 884 2131 se
911 2067 1092 2150 repperisse
1120 2072 1262 2133 testatur
1292 2069 1408 2133 nocti·
1462 2131 1479 2156 Ι

257 2196 411 2262 papum:
444 2177 645 2255 obscaenum,
668 2177 749 2258 quod
775 2177 866 2258 quusi
896 2177 1034 2241 uectatus
1066 2182 1260 2260 compaupat,
1292 2177 1340 2241 ita
1372 2181 1408 2242 ut

261 2285 423 2367 coctipupu
436 2284 579 2367 -quod
598 2283 820 2362 νυκτίκεντρον
840 2284 939 2348 vertit
954 2321 995 2329 —
1010 2284 1104 2348 virile
1127 2283 1289 2348 fascinum
1311 2283 1408 2367 signi-

261 2392 358 2456 ficare
382 2390 412 2453 ei
435 2389 591 2454 videatur.
629 2388 699 2465 Quo
723 2390 758 2457 in
778 2389 937 2454 vocabulo
961 2377 1112 2474 fingendo
1131 2389 1291 2454 Lucilium
1314 2394 1410 2474 putat

260 2497 401 2578 solcpupu
423 2495 510 2559 vocis
535 2494 781 2560 similitudinem
810 2499 956 2560 secutum
982 2519 1061 2560 esse.
1107 2494 1197 2561 Haec
1221 2495 1410 2579 Salmasius,

262 2603 352 2668 cuius
377 2601 600 2665 emendatione
624 2602 723 2667 etiam
746 2601 938 2668 aMuellero
957 2601 1048 2667 Festi
1071 2604 1193 2668 editore
1217 2625 1410 2668 commemo-

261 2713 333 2774 rata
362 2713 401 2772 et·
421 2707 555 2772 laudata
583 2730 646 2791 quo
675 2709 771 2772 modo
798 2712 895 2791 putas
918 2707 954 2773 L.
973 2709 1166 2774 Muellerum
1195 2733 1289 2774 usum
1317 2710 1409 2774 esse?

262 2815 353 2880 Haec
375 2815 475 2879 habes
494 2815 529 2877 in
548 2815 779 2878 commentario
794 2813 963 2880 Luciliano
983 2839 1013 2900 p.
1028 2818 1109 2880 276:
1133 2815 1153 2882 ³.
1167 2867 1173 2882 .
1189 2867 1196 2881 .
1214 2818 1410 2899 noctipmpam

262 2925 389 2987 tutatur
409 2921 586 2986 Salmasius
607 2922 708 3006 glosis
728 2921 903 3005 Palatinis,
927 2945 1006 3006 quas
1031 2913 1161 3006 praesto
1185 2944 1254 2987 esse
1278 2923 1342 2987 sibi
1364 2923 1409 2987 di-

264 3029 321 3094 cit:
352 3030 548 3110 uoctcpupcm
572 3077 579 3091 .
599 3077 605 3091 .
626 3078 632 3091 .
656 3019 847 3110 momcupat
884 3028 948 3092 sed
971 3029 1014 3092 de
1038 3028 1098 3099 his
1122 3029 1222 3093 nihil
1254 3029 1409 3094 aliunde

262 3133 462 3199 innotuit'.
494 3134 540 3199 At
554 3171 595 3180 —
610 3137 648 3198 ut
670 3133 881 3199 concedamus
901 3131 1112 3220 (quamquam
1130 3156 1196 3200 non
1216 3158 1327 3200 verum
1345 3135 1409 3221 est)

263 3241 344 3304 nihil
375 3240 501 3306 aliunde
518 3242 568 3305 ‘de
595 3240 657 3304 hac
681 3242 791 3327 glossa
813 3242 994 3307 innotuisse
1023 3279 1079 3325 —,
1112 3242 1187 3325 quid
1209 3255 1338 3308 'causae
1361 3247 1410 3308 est

206 3405 207 3408 ,
264 3371 320 3413 cur
348 3347 549 3413 Salmasiana
577 3348 761 3413 coniectura
789 3349 953 3427 reiciatur,
988 3350 1178 3414 confirmata
1210 3350 1268 3413 illa
1299 3350 1410 3434 glossa

245 3453 416 3538 'quadam
445 3478 541 3539 quam
568 3455 678 3520 fictam
707 3478 776 3520 esse
803 3479 844 3520 ne
867 3455 902 3520 L.
921 3455 1096 3520 Muellerus
1124 3456 1253 3540 quidem
1277 3457 1409 3522 'conten-

265 3562 369 3626 derit?
390 3598 393 3602 ·
413 3561 460 3627 Et
482 3564 524 3628 'si
550 3563 641 3647 fugit
675 3585 749 3627 eum
777 3561 994 3628 Classicorum
1023 3567 1190 3628 auctorum
1218 3567 1325 3628 tomus
1354 3563 1410 3646 VI,

265 3668 321 3732 ubi
354 3669 465 3732 eadem
499 3671 609 3754 glossa
641 3669 779 3733 a'Maio
812 3673 871 3733 ter
903 3669 989 3733 edita
1023 3675 1085 3754 est,
1105 3671 1236 3761 *quidni
1267 3671 1410 3754 respexit

340 3986 359 4054 1)
378 3986 455 4040 Haec
475 3987 627 4042 Salmasius
647 4005 679 4043 eo
698 4005 781 4056 quern
800 4006 864 4042 mor
883 3987 1065 4068 excitabimus
1084 3989 1154 4042 loco.
1262 4055 1263 4060 ἵ

339 4075 359 4144 ²)
378 4075 555 4130 'Ursinianum
578 4075 649 4130 illud
674 4077 831 4145 Stephanus
856 4077 885 4130 in
910 4076 1023 4146 linguae
1050 4077 1155 4131 latinae
1179 4077 1321 4132 Thesauro
1349 4097 1410 4148 per·

266 4163 336 4217 mire
354 4163 396 4218 ita
413 4164 627 4234 interpretatur,
653 4167 686 4219 ut
703 4167 841 4220 noctiluca
860 4165 897 4220 sit
921 4166 982 4235 ‘qni
1001 4167 1082 4220 alteri
1101 4166 1192 4221 facem
1211 4167 1247 4221 ad
1265 4167 1410 4223 libidinem

242 4266 246 4274 ·
266 4252 427 4320 praeferat’.
460 4253 536 4306 Idem
552 4253 709 4322 Stephanus
727 4252 786 4322 ipse
802 4253 922 4308 coniecit
939 4256 1102 4324 acatalepton
1122 4255 1151 4309 ‘a
1168 4256 1297 4312 noctibus
1316 4258 1410 4327 legen-

267 4339 320 4394 dis’
337 4340 394 4395 sive
411 4340 490 4410 ‘quia
503 4342 649 4396 obscenius
665 4341 732 4410 quid
747 4343 889 4411 postulare
904 4344 980 4398 locus
995 4342 1134 4402 videatur’
1151 4346 1323 4417 catagusam,
1335 4346 1409 4402 Nan·

268 4429 324 4483 sins
343 4430 418 4499 apud
438 4430 611 4500 Stephanum
628 4432 647 4485 l.
667 4449 687 4486 s.
707 4449 728 4488 s.
747 4433 926 4501 mcticaycm.
