3216 5126
687 314 932 378 -166-

327 474 377 538 16.
401 472 516 538 Adicio
541 473 779 557 glossarium
803 472 872 537 sine
895 472 963 538 ullo
983 471 1082 537 dubio
1105 471 1274 555 ficticium,
1298 473 1383 557 quod
1449 487 1454 498 ’

236 603 255 645 a
277 579 440 645 Guilelmo
464 579 651 645 Fornerio
675 578 745 643 Icto
770 602 803 644 se
827 579 989 662 accepisse
1013 579 1167 644 mentitus
1191 583 1241 644 111
1263 579 1383 644 Paulus

235 686 368 752 Merula.
392 684 463 762 Quo
479 708 519 751 ex
534 685 673 774 fontein
687 683 774 748 Enni
789 683 954 767 annalium
967 684 1225 769 fragmentorum
1241 685 1384 750 editione

235 792 445 877 Lugdunensi
479 816 506 857 a.
532 791 618 857 1595
651 791 773 855 multos
805 794 921 875 poetae
953 814 1064 856 versus
1096 813 1198 876 usque
1231 791 1272 856 ad
1303 792 1384 857 illud

236 903 364 984 tempus
387 922 454 965 non
475 900 572 964 notos
600 897 747 981 protulit.
793 895 859 962 Eos
883 920 900 962 1
923 898 1047 964 talibus
1074 898 1194 984 glossis
1221 900 1400 980 hauserat-

236 1007 341 1091 qualis
365 1010 427 1070 est:
451 1005 683 1088 ‘armipotenst
708 1002 927 1085 ὁπλοκράτωρ.
963 1005 1105 1071 Ennius:
1127 1006 1226 1070 armis
1244 1005 1384 1069 conditor

236 1112 321 1178 Albo
336 1103 465 1195 poieics'.
511 1110 630 1176 Omnia
653 1110 734 1173 haee
756 1108 882 1174 Merula
904 1110 1011 1194 finxit,
1040 1111 1124 1175 sicut
1153 1111 1253 1176 etiam
1277 1111 1383 1195 exqui-

237 1219 337 1284 situm
360 1219 453 1283 illum
476 1217 656 1302 ‘Calpurnii
680 1217 810 1282 Pisonis
838 1217 877 1281 de
906 1217 1107 1282 continentia
1134 1221 1280 1283 veterum
1307 1239 1381 1302 poe-

236 1328 344 1389 tarum
368 1325 408 1389 ad
430 1324 604 1406 lbaianum
628 1323 807 1407 principem
829 1322 1028 1388 tractatum'.

329 1431 378 1496 17.
396 1430 542 1514 Angelus
553 1428 659 1494 Maius
673 1430 708 1493 in
718 1425 932 1512 ‘Scriptorum
946 1435 1092 1496 veterum
1102 1453 1205 1497 novae
1219 1431 1383 1496 collectio·
1399 1466 1401 1472 .

238 1537 301 1603 nis’
324 1541 348 1602 t.
364 1537 411 1602 VI
429 1537 553 1603 Romae
573 1559 600 1601 a.
622 1537 707 1602 1832
731 1536 817 1601 edito
840 1559 871 1620 p.
890 1537 1021 1602 43-59
1047 1537 1218 1604 ‘Attonis
1241 1537 1382 1603 Iunioris

238 1645 453 1710 Vercellensis
467 1643 623 1728 Episcopi
637 1641 886 1726 Polypticum
911 1644 996 1727 quod
1016 1645 1199 1729 appellatur
1222 1666 1383 1728 perpen-

223 1752 407 1832 diculum
431 1773 505 1816 cum
533 1743 678 1834 antiquis
704 1749 823 1834 glossis
853 1753 885 1814 et
913 1749 1058 1816 scholiis’
1089 1751 1263 1836 evulgavit.
1308 1750 1383 1816 Per·

239 1859 322 1924 mira
339 1857 399 1923 illa
418 1857 552 1940 scriptio
572 1855 733 1921 undecimi
752 1837 873 1919 saeculi
891 1856 985 1923 initio
1000 1861 1078 1922 nata
1097 1857 1211 1922 ‘satira
1227 1858 1384 1942 quaedam

240 1968 289 2029 est
313 1987 367 2029 seu
389 1986 525 2030 censura
538 1963 671 2028 Attonis
689 1965 887 2047 temporum,
909 1963 1102 2046 praesertim
1122 1962 1275 2028 adversus
1298 1964 1384 2049 prin-

239 2073 339 2156 cipes,
371 2093 508 2156 quorum
531 2069 667 2134 ambitio
692 2073 724 2134 ct
752 2073 860 2134 cetera
888 2069 970 2134 uitia
998 2069 1222 2156 castigantur’.
1267 2069 1385 2135 Libelli

239 2179 274 2243 in
306 2179 413 2243 codice
436 2177 598 2242 Vaticano
629 2177 790 2260 duplicem
818 2176 1009 2241 memoriam
1038 2179 1166 2242 exstare
1194 2172 1300 2241 Maius
1329 2177 1385 2260 ait,

240 2286 377 2350 alteram
396 2283 660 2351 obscurissimam
673 2283 747 2347 ’11111
767 2283 901 2367 glossis,
923 2284 1020 2367 paulo
1040 2283 1222 2368 planiorem
1241 2286 1274 2347 11
1293 2283 1384 2348 scho-

240 2391 294 2456 liis
317 2395 502 2457 enarratam
521 2389 666 2453 alteram.
707 2387 805 2453 Illam
828 2388 934 2454 Maius
959 2389 1062 2454 edidit
1084 2393 1117 2454 11
1139 2389 1234 2454 huius
1258 2391 1385 2474 glossas

241 2498 384 2574 adiecit.⁴
412 2495 498 2562 Ante
527 2519 599 2560 eum
627 2517 666 2559 ex
694 2495 806 2560 eodem
833 2495 944 2560 codice
972 2517 1037 2559 non
1064 2495 1155 2560 nulla
1181 2498 1247 2561 iam
1274 2501 1385 2582 prot·

240 2605 325 2669 lerat
347 2603 394 2669 Io.
416 2603 606 2668 Dominicus
629 2601 776 2667 Mansius
804 2602 838 2666 in'
866 2601 1041 2685 appendice
1068 2606 1092 2666 1.
1110 2601 1143 2665 ΙΙ
1167 2602 1384 2669 miscellaneo-

241 2734 313 2776 rum
337 2710 460 2776 Balutii
483 2709 588 2774 Lucae
612 2733 640 2773 a.
662 2709 755 2772 1761.
793 2706 925 2772 Attonis
955 2708 1115 2772 scribendi
1142 2730 1244 2794 genus
1273 2710 1385 2774 obscu-

240 2821 349 2882 ratum
382 2820 432 2882 est
463 2816 726 2901 frequentissimo
764 2816 947 2900 glossarum
983 2839 1053 2882 usu.
1100 2815 1171 2880 Iam
1207 2811 1290 2881 cum'
1316 2818 1386 2901 ipse

242 2925 379 3008 scriptor
407 2923 524 2987 harum
553 2945 667 2988 vocum
695 2923 987 3006 interpretamenta
1014 2922 1177 2988 addiderit
1199 2961 1240 2970 --
1266 2925 1386 3007 absque

242 3053 305 3115 quo
320 3017 434 3114 11111,
465 3053 505 3095 ne
535 3029 639 3094 hilum
664 3030 794 3113 quidem
822 3029 971 3114 intellegi
997 3029 1110 3113 posset
1135 3065 1190 3113 -,
1222 3051 1287 3094 una
1314 3052 1386 3094 cum

242 3137 396 3216 γλώεεαιε
425 3159 442 3201 1
470 3137 640 3221 glossariis
674 3141 785 3221 aperte
816 3137 931 3220 petita,
964 3135 1095 3200 libellus
1122 3137 1184 3200 1111
1206 3136 1241 3198 in
1269 3136 1386 3200 studiis

243 3243 481 3327 glossematicis
504 3266 570 3308 non
592 3233 811 3329 neglegendus
836 3246 894 3308 111.
939 3241 1057 3307 Ν11110
1079 3265 1157 3306 num
1180 3242 1265 3307 forte
1290 3242 1386 3309 ‘libro

244 3349 438 3435 glossarum’
463 3350 542 3414 Atto
566 3373 643 3414 usus
667 3349 726 3415 sit:
750 3371 945 3435 quamquam
964 3349 1085 3413 multas
1105 3349 1233 3432 glossas
1251 3349 1388 3414 inseruit

244 3479 282 3520 ex
304 3456 367 3521 hoc
390 3456 480 3522 fonte
504 3457 572 3522 sine
596 3457 662 3522 ullo
687 3455 783 3522 dubio
802 3477 869 3520 non
887 3455 1059 3520 derivatas.
1091 3452 1259 3520 Glossaria
1278 3458 1387 3520 autem

243 3585 278 3628 re
301 3585 376 3628 vera
399 3564 428 3627 ei
451 3567 583 3647 praesto
606 3563 707 3628 fuisse
731 3563 954 3638 demonstrant
977 3562 1072 3627 huius
1096 3562 1182 3627 modi
1204 3562 1342 3627 scholia:
1410 3631 1418 3646 p

289 3668 490 3753 exippitare:
521 3670 555 3734 id
587 3674 637 3735 111
669 3670 774 3754 hiare,
806 3691 842 3734 os
873 3669 1010 3752 operire·
1031 3672 1064 3734 11
1094 3672 1236 3734 tractum
1266 3673 1316 3734 est
1346 3670 1386 3734 ab

617 3777 729 3842 avibus
1058 3779 1061 3784 ’

288 3882 506 3969 tegularium:
530 3883 699 3966 veneficia,
723 3902 803 3965 quae
828 3903 924 3965 super
946 3880 1077 3964 tegulas
1101 3881 1365 3948 sacrificabantur

289 3989 466 4055 terribola:
489 3988 717 4054 formidolosa

289 4097 466 4162 buteones:
490 4096 622 4161 iuvenes

290 4202 450 4268 caltudia:
475 4202 543 4267 dies
565 4202 668 4267 festus
1216 4270 1223 4280 ,

317 4308 386 4372 18.
410 4304 566 4372 Codicum
582 4306 966 4372 Guelferbitanorum
985 4307 1151 4374 Gudianus
1171 4307 1236 4373 323
1254 4309 1389 4380 membr.

248 4411 286 4479 8⁰
300 4434 381 4478 saec.
395 4411 475 4477 XIII
494 4413 746 4498 derivationes,
764 4413 928 4479 Gudianus
943 4415 1008 4479 310
1023 4415 1156 4480 membr.
1172 4412 1212 4481 8⁰
1231 4436 1312 4480 saec.
1326 4414 1388 4480 XV
1411 4393 1414 4400 ⁴
