3216 5126
693 277 935 368 -1624

244 480 307 541 quo
335 459 370 522 in
397 459 547 543 catalogo
570 483 600 544 p.
626 461 716 526 3901
744 462 900 545 scriptum
929 463 991 524 est:
1020 458 1159 542 ‘glossae
1188 415 1394 541 quorundam¹

245 569 428 649 auctorum3
452 567 597 649 sequitur
620 590 751 633 carmen
772 563 907 632 de'loco
931 566 1086 631 Iohannis
1185 565 1221 628 in'
1243 561 1389 627 membr?

243 671 445 756 Apographo
469 695 545 736 usus
570 674 736 758 camillo,
760 674 845 757 quod
868 674 953 738 inter
977 673 1111 737 schedas
1131 671 1389 736 Burmannianas

243 780 358 842 exstat.
407 777 449 842 111
486 777 678 863 inscriptum
713 780 831 843 habes:
869 779 1011 862 ‘glossae
1046 800 1084 842 ex
1117 778 1184 843 cod.
1214 801 1272 843 ms.
1301 777 1390 842 Petri
1481 763 1492 784 ⁶

242 881 389 948 Danielis
420 885 475 969 qui
509 889 559 950 est
587 886 622 950 ln
651 886 803 950 biblioth.
830 883 1001 996 Leidensi'.
1052 883 1144 948 Unde
1177 885 1212 950 in
1243 884 1390 949 Danielis

243 1012 357 1055 manus
390 994 572 1075 pervenerit
605 1015 643 1059 ex
676 993 779 1078 ipsius
812 992 847 1056 in
879 991 1010 1068 Queroli
1044 991 1185 1057 editione
1215 991 1390 1056 Parisiensi

243 1097 518 1164 11564111111
547 1100 657 1186 colligi
687 1103 805 1183 potest.
850 1098 901 1163 lbi
932 1097 970 1162 dc
994 1098 1096 1163 libelli
1120 1099 1208 1163 illius
1233 1098 1390 1181 scriptore
1480 1162 1484 1170 ,

242 1203 403 1270 disserens
434 1227 506 1270 cum
540 1206 621 1271 haec
649 1206 742 1272 dicit:
776 1206 957 1290 ‘praeterea
989 1205 1131 1270 eiusdem
1164 1204 1322 1287 [Queroli]
1353 1205 1391 1268 fit

224 1301 364 1375 'mentio
387 1312 421 1376 in
444 1312 665 1377 vetustissimo
688 1312 773 1378 libro
797 1314 994 1397 glossarum,
1018 1334 1113 1396 quem
1135 1312 1216 1376 mihi
1234 1335 1299 1377 una
1317 1335 1389 1377 cum

244 1416 306 1482 hac
331 1418 496 1482 comoedia
520 1419 741 1502 suppeditavit
765 1419 968 1503 amplissima
991 1418 1060 1482 fani
1081 1417 1249 1484 Benedicti
1267 1417 1389 1484 Floria-

244 1523 346 1588 censis
375 1523 415 1587 ad
443 1523 588 1608 Ligerim
615 1523 826 1590 bibliotheca'
856 1526 946 1608 ipsas
979 1524 1037 1588 has
1071 1525 1198 1608 glossas
1226 1525 1389 1589 miscellae

243 1627 412 1694 Danielem
435 1630 567 1694 innuere
589 1631 686 1695 facile
709 1636 760 1696 est
789 1632 829 1696 ad
857 1631 1152 1696 demonstrandum.
1199 1631 1389 1715 Adscriptae

243 1738 319 1799 sunt
347 1736 433 1800 enim
460 1736 495 1801 in
523 1736 632 1802 codice
660 1733 759 1822 (certe
787 1739 822 1802 in
850 1739 918 1802 eius
948 1735 1152 1821 apographo)
1176 1735 1321 1802 Danielis
1350 1737 1390 1802 ad

244 1843 370 1926 glossas
402 1864 468 1907 non
500 1844 609 1908 nullas
638 1845 864 1909 adnotationes
895 1866 1014 1928 eaeque
1038 1844 1072 1910 D
1094 1849 1173 1910 nota
1205 1843 1389 1927 insignitae.

243 1945 344 2011 Velut
366 1948 408 2012 ad
432 1950 559 2033 glossas

428 2053 609 2127 Sinastria:
633 2057 841 2123 constellatio

425 2162 673 2229 Pseudotirumt
697 2164 817 2229 ostium
839 2143 1000 2229 remotum
1025 2185 1044 2227 a
1066 2164 1194 2244 publico

425 2264 593 2334 lnoforum
604 2288 626 2334 2·
638 2293 696 2335 vas
719 2271 879 2335 vinarium

245 2374 411 2458 adpictum
434 2376 549 2440 habes:
580 2377 671 2454 ‘haec
697 2379 763 2442 tria
790 2379 890 2443 verba
918 2378 1029 2444 eodem
1053 2378 1165 2442 ordine
1187 2379 1386 2461 reperiuntur

244 2482 278 2544 in
311 2480 452 2558 Querulo
485 2483 595 2549 Plauti
626 2483 678 2549 D'.
724 2483 773 2549 Ac
808 2506 843 2548 re
880 2506 956 2548 vera
989 2486 1119 2548 exstant
1155 2482 1189 2547 in
1221 2482 1391 2548 Aulularia

71 2565 79 2580 '
203 2651 204 2654 Ν
245 2612 275 2674 p.
295 2587 418 2674 caca
442 2588 495 2674 44,
511 2587 598 2677 1915
622 2589 709 2675 aaa
733 2589 780 2654 ec.
800 2589 925 2673 Perper.

333 2695 483 2780 Longum
511 2699 561 2760 est
590 2696 686 2761 huius
715 2718 841 2781 quoque
870 2696 1021 2780 glossarii
1049 2695 1264 2779 multiplicem
1290 2699 1391 2760 mate-

244 2803 326 2867 riam
365 2802 555 2868 describere.
610 2802 725 2887 Itaque
769 2803 852 2867 alias
894 2803 987 2867 edam
1027 2802 1087 2866 has
1128 2803 1266 2886 glossas.
1320 2802 1391 2867 Hoc

244 2911 315 2974 loco
357 2931 573 2975 commemoro
614 2909 721 2974 inesse
765 2910 848 2974 mult
833 2913 884 2974 tas
923 2931 939 2973 e
972 2905 1137 2973 Ciceronis
1179 2907 1392 2991 orationibus,

243 3037 311 3080 non
337 3017 444 3081 nullas
473 3037 490 3080 e
513 3015 627 3080 Paullo
650 3013 753 3099 Festi,
713 3015 968 3135 tquindecim
995 3036 1034 3078 ex
1060 3013 1179 3079 Isidori
1196 3012 1391 3099 Originibus

244 3083 379 3207 petitas,
402 3122 520 3207 viginti
543 3123 638 3187 unius
663 3123 845 3205 glossarum
869 3122 986 3186 seriem
1010 3122 1051 3186 ab
1074 3142 1107 3186 a
1130 3122 1286 3205 incipere,
1309 3121 1392 3185 exci-

245 3228 309 3292 tari
333 3225 480 3294 Servium
505 3232 537 3293 et
560 3228 704 3294 Plinium
728 3226 924 3314 Secundum,
956 3228 1092 3311 denique
1123 3247 1239 3312 graeca
1266 3227 1302 3291 in
1329 3227 1392 3293 fine

244 3323 347 3400 tatius
370 3335 545 3421 farraginis
570 3357 649 3400 esse.

336 3443 364 3507 7.
384 3439 494 3508 Codex
507 3441 825 3508 Vindobonensis
841 3442 883 3506 89
899 3440 1101 3526 (Endlicheri
1116 3437 1244 3526 OOOH)
1258 3443 1392 3506 membr.
1413 3469 1415 3474 ·

247 3569 327 3615 saec.
350 3549 397 3613 IX
424 3549 445 3615 f.
472 3549 702 3614 lov-lomb
735 3547 997 3631 copiosissimum
1029 3547 1224 3633 glossarium
1253 3548 1392 3634 exhibet,

190 3725 192 3732 χ
247 3657 336 3721 cuius
364 3656 469 3740 prima
497 3657 652 3720 lemmata
683 3656 764 3719 hacc
793 3657 882 3719 sunt:
914 3676 936 3720 a
958 3676 1058 3720 aaron
1085 3655 1125 3720 ab
1154 3655 1257 3720 ahaua
1279 3657 1393 3721 abacm

246 3763 354 3828 abacta
390 3763 516 3830 abactas
552 3764 649 3830 adasa
680 3763 885 3828 abmatertera
919 3763 1071 3847 abamita,
1107 3763 1265 3826 extrema:
1302 3783 1393 3828 acrae-

247 3871 344 3936 laatcs
369 3891 456 3937 certa
484 3870 633 3954 captares
663 3890 770 3935 reama
801 3870 918 3935 cecabct
950 3869 1066 3936 coctam
1097 3888 1177 3934 coca
1206 3871 1393 3952 coapatc'cam

246 3979 378 4060 cucanea
403 3979 553 4062 cyuaipia.
596 3976 729 4041 Praeter
757 4000 811 4042 eas
841 3977 968 4062 glossas
995 3997 1132 4060 quarum
1159 3975 1314 4040 lemmata
1342 3998 1393 4040 ex-

247 4085 362 4170 scripsi
384 4083 492 4149 nullas
514 4083 599 4150 novi.
640 4083 763 4149 Multae
787 4084 827 4148 ad
851 4104 977 4148 sacram
1000 4082 1195 4165 scripturam
1221 4083 1392 4166 pertinent.

321 4330 341 4399 ¹)
364 4329 490 4385 Eandem
518 4346 630 4399 prorsus
656 4331 780 4403 glossam
803 4349 819 4386 c
842 4331 937 4386 codice
960 4328 1085 4385 Parisino
1110 4329 1241 4383 haustam
1259 4328 1393 4399 Peiperus
1456 4356 1461 4366 ·

248 4419 378 4474 adnotat:
393 4433 445 4489 aa
464 4421 563 4476 ostiara
580 4425 711 4477 remotam
729 4438 747 4476 a
762 4421 882 4490 paulice.
