3216 5126
705 335 946 398 -102-

256 497 342 561 libus
358 495 470 579 scripti
484 516 569 560 nuno
584 495 667 560 erasi
682 497 766 559 sunt.
788 483 841 558 lbi
854 493 1000 560 Usenero
1015 495 1116 560 latere
1131 493 1316 560 videbatur:
1340 494 1403 559 ‘hic

257 604 372 668 finiunt
396 602 516 687 glosae.
537 601 542 684 1
563 601 604 664 dd
628 601 750 685 gratias
772 602 776 680 Ι
798 600 902 664 amen'
910 598 944 686 ¹).
987 600 1080 677 Quod
1104 624 1202 685 supra
1224 601 1402 666 coniecera-

257 733 328 775 mus
350 710 421 773 fore
444 711 481 773 ut
500 708 594 774 novis
617 707 732 773 harum
756 708 941 793 glossarum
960 708 1123 772 codicibus
1143 708 1273 772 adscitis
1287 730 1404 774 vocum

257 837 447 903 graecarum
461 837 613 880 numerus
629 815 722 879 valde
740 817 905 899 augeatur,
919 814 951 878 id
966 813 1028 879 hoc
1043 814 1152 878 codice
1167 817 1404 900 comprobatur,

256 924 369 1006 inquo
393 922 514 986 multae
533 921 634 986 insint
652 922 719 985 cius
740 922 827 985 modi
851 921 988 1006 glossae,
1008 922 1096 985 velut
1110 921 1132 986 f.
1150 923 1229 986 100²
1247 921 1404 988 ‘Infamia

259 1031 327 1094 sine
344 1029 475 1093 honore.
491 1026 651 1093 ΛΤΙΜΟ(’
667 1031 699 1091 et
711 1028 733 1091 f.
751 1028 833 1091 mlv
853 1025 1031 1093 ‘Sobolens
1051 1048 1139 1113 gens.
1155 1028 1403 1098 ΓΟΝΝΕΡΙΓΟΝΝῙ’

260 1138 330 1214 Qua
352 1138 387 1201 in
409 1159 444 1200 re
467 1157 540 1199 raro
571 1134 657 1199 huno
680 1134 764 1198 inter
788 1138 821 1199 et
849 1134 990 1199 codicem
1012 1133 1209 1200 Vossianum
1234 1136 1404 1200 convenire

259 1244 348 1310 videt
389 1293 395 1307 .

349 1347 385 1437 2)
405 1349 537 1413 Eisdem
557 1343 677 1434 glossis
693 1372 770 1414 usus
786 1352 835 1413 est
849 1349 1038 1415 Theodorus
1053 1349 1193 1434 quidam,
1214 1351 1305 1414 cuius
1319 1349 1405 1434 glos-

261 1458 349 1523 sulas
373 1456 492 1521 codicis
516 1455 606 1519 illius
631 1453 815 1519 Christinae
843 1455 974 1538 reginae
998 1454 1119 1518 similes
1148 1477 1218 1519 essc
1241 1455 1405 1522 Usenerus

261 1567 374 1628 auctor
398 1565 455 1628 est.
496 1562 612 1646 Itaque
637 1565 711 1646 apte
736 1565 773 1625 ut
796 1560 923 1625 videtur
945 1561 1008 1625 hoc
1030 1561 1102 1625 loco
1127 1563 1326 1627 collectanea
1347 1563 1407 1627 illa

260 1670 497 1752 Bruxeliensis,
521 1669 636 1753 quibus
660 1667 886 1732 Theodoriana
910 1667 1130 1750 continentur,
1155 1669 1267 1732 statim
1290 1669 1407 1734 descri-

260 1779 383 1842 bemus.
421 1774 592 1840 Sciendum
616 1777 666 1838 est
690 1776 798 1837 autern
821 1774 905 1838 hanc
929 1795 1056 1858 quoque
1084 1773 1237 1838 notitiam
1260 1775 1405 1841 Usenero

260 1907 311 1948 me
335 1885 459 1948 debere.
493 1880 600 1947 Codex
615 1881 884 1945 Bruxellensis
907 1879 1013 1945 10859
1034 1901 1116 1944 saec.
1130 1879 1186 1963 IX,
1208 1884 1245 1943 ut
1265 1881 1406 1966 catalogi

262 1991 422 2076 scriptori,
439 1989 531 2074 IXJX
554 1993 591 2054 ut
605 1989 756 2054 Usenero*
770 1987 896 2051 videtur
916 1987 1070 2070 scriptus,
1087 1986 1122 2050 in
1136 1985 1184 2070 4⁰,
1208 1988 1286 2052 olim
1304 1987 1407 2053 Lora·

260 2099 382 2163 niensis
407 2098 448 2161 ab
469 2094 504 2160 ³1.
518 2093 566 2160 B.'
591 2094 732 2178 quodam
755 2097 883 2177 emptus
906 2094 1023 2176 postea
1044 2093 1080 2157 in
1099 2089 1270 2158 Stewechii
1293 2118 1407 2161 manus

260 2204 420 2290 pervenit,
450 2203 534 2268 unde
562 2201 598 2265 in
625 2199 860 2265 bibliothecam
883 2198 1127 2264 Bruxellensem
1155 2203 1409 2288 transmigravit.

260 2313 376 2376 Insunt
400 2314 522 2392 autern,
545 2312 582 2374 ut
604 2309 638 2373 in
656 2308 806 2392 catalogo
833 2307 1072 2391 scriptumest,
1096 2307 1267 2374 ‘Theodori
1289 2307 1408 2394 parvae

195 2453 197 2456 ·
262 2419 373 2503 glosae
402 2417 441 2480 de
469 2417 604 2480 dirersis
631 2413 746 2479 libris'.
792 2412 873 2477 Pars
907 2417 956 2478 est
989 2415 1121 2479 maioris
1154 2416 1286 2500 codicis,
1319 2417 1407 2482 cuius
1518 2498 1524 2505 ἱ

262 2527 391 2589 exstant
414 2523 642 2608 quaterniones
661 2518 890 2600 XIII—[XXI]
911 2519 976 2585 f.3.
1009 2520 1118 2585 Primo
1141 2522 1220 2586 folio
1245 2523 1409 2588 continen-

211 2641 214 2646 '
260 2635 315 2695 tur
337 2652 449 2694 versus
474 2629 547 2693 inde
566 2651 586 2692 a
604 2627 625 2692 f.
643 2628 691 2690 1³:
716 2626 830 2690 ‘miror
853 2648 908 2690 cur
931 2628 1063 2691 minime
1086 2629 1283 2711 promissum
1305 2631 1409 2696 reddi-

262 2738 310 2801 dit
332 2737 403 2821 ipse
424 2739 428 2816 Ι
450 2736 535 2820 quod
559 2734 661 2820 gratis
686 2733 811 2798 studuit
834 2734 1025 2816 promittere
1049 2735 1127 2818 quid
1151 2734 1205 2799 sit'
1309 2761 1410 2823 usque

264 2845 304 2910 ad
326 2844 349 2909 f.
375 2845 413 2906 1v
444 2843 507 2907 ‘hie
535 2864 617 2926 capu
644 2840 777 2905 indiculi
805 2844 937 2906 sumunt
965 2842 1034 2906 sine
1061 2843 1133 2927 lege
1159 2845 1282 2927 peracti
1303 2845 1307 2928 1
1329 2846 1409 2910 artis
1485 2931 1487 2934 v

264 2950 475 3035 grammatice
499 2949 622 3033 pariter
646 2968 793 3030 sermone
817 2947 942 3031 polito'‚
967 2970 1046 3032 quos
1070 2950 1233 3032 excipiunt
1254 2951 1347 3015 haec:

316 3053 546 3122 INCIPIVNT
574 3053 720 3140 PARVE
751 3052 921 3119 diosna
950 3053 1009 3119 DE
1033 3054 1237 3121 DIVERSIS
1260 3056 1403 3122 LIBRIS

316 3159 554 3248 ΕΧΟΕΒΡΙΤΕ
579 3161 609 3225 Α
633 3160 917 3226 PVSILLITATE
938 3162 1124 3249 sssssssssssslsssm

263 3271 302 3336 In
320 3272 390 3336 loco
411 3291 503 3333 eraso
523 3253 1180 3364 videturscriptum'fuisseTEODOR13‚
1204 3270 1294 3334 ouius
1318 3292 1410 3336 voca·

264 3378 332 3442 buli
352 3377 484 3442 litterae
501 3376 607 3459 prima
622 3378 654 3438 et
670 3379 760 3439 sexta
783 3375 892 3458 paullo
917 3377 1048 3460 certius,
1071 3378 1169 3441 tertia
1192 3378 1298 3441 minus
1313 3381 1411 3462 certo,

264 3485 408 3567 reliquae
424 3482 555 3547 omnino
574 3505 640 3547 non
658 3483 723 3547 iam
739 3481 884 3567 dignosci
898 3487 1044 3566 possunt.
1066 3482 1198 3567 Incipit:

374 3588 562 3674 Augustus·
584 3589 673 3654 locus
694 3570 744 3654 scs
768 3589 810 3653 ab
833 3589 908 3654 auid
931 3593 1026 3675 gestu
1045 3591 1098 3674 qui
1118 3590 1158 3654 ab
1178 3591 1292 3655 auibus
1312 3589 1410 3675 signi·

478 3695 593 3759 ficatus
618 3698 676 3759 est.

377 3802 571 3868 Armillum·
598 3824 657 3866 uas
686 3801 856 3868 uinarium.
881 3805 965 3887 quod
994 3826 1084 3868 armo
1107 3804 1128 3869 i.
1152 3826 1177 3870 e.
1201 3804 1335 3868 humero
1359 3805 1410 3868 de-

478 3913 636 3993 portatur.

377 4016 466 4080 Ador
490 4036 592 4100 genus
614 4015 712 4080 farris

266 4143 480 4153 ..—--—-

340 4193 360 4263 ¹)
379 4190 538 4247 Folii151v
557 4191 678 4260 spatium
697 4209 817 4247 vacuum
832 4194 1027 4263 supplementa
1041 4211 1112 4251 saec.
1122 4195 1148 4248 X
1168 4194 1225 4250 sive
1239 4195 1279 4248 XI
1296 4195 1411 4250 ineunte
1437 4207 1443 4218 ·

266 4281 371 4350 scripta
394 4279 548 4350 complent,
573 4280 648 4336 inter
666 4299 737 4351 quae
755 4283 825 4338 haec
843 4284 943 4338 habes:
977 4283 1161 4354 ‘Osdrogothi
1179 4285 1244 4339 sunt
1263 4282 1411 4338 orientales

267 4369 359 4441 gothi3
386 4369 483 4439 lingua
507 4368 583 4424 enim
608 4371 758 4440 gothorum
795 4371 882 4426 Osdro
902 4371 1003 4426 dicitur
1022 4373 1120 4427 oriens.
1156 4372 1310 4444 Vesegothi
1338 4372 1409 4428 occi·

266 4458 392 4513 dentales
411 4459 474 4512 sunt
492 4460 584 4530 gothi,
604 4477 721 4528 quorum
739 4459 836 4530 lingua
854 4478 935 4516 uesos
955 4461 1083 4516 occidens
1102 4461 1227 4517 dicitnr’.
