3222 5122
689 295 842 360 -1298
889 331 930 340 -

238 479 311 521 cum
326 455 404 520 alibi
419 478 545 540 quoque
560 457 683 539 aquilas
697 457 730 519 in
747 455 909 520 codicibus
926 455 1063 537 aquilius
1082 455 1255 540 scribatur,
1273 453 1384 520 Hilde-

237 563 379 628 brandus
408 564 449 627 ad
478 564 674 647 glossarium
697 562 881 628 Parisinum
904 585 934 647 p.
956 563 1023 627 lab
1047 564 1217 646 utramque
1245 562 1384 628 formam

238 669 401 733 exstitisse
419 672 523 752 putat.
565 669 648 734 Mihi
667 674 780 734 contra
802 671 927 752 aquilas
949 669 1042 734 unice
1064 690 1141 734 uera
1165 690 1234 733 esse
1257 669 1385 733 videtur

238 776 377 840 maxime
400 779 587 860 propterea,
612 776 697 860 quod
720 777 776 840 ubi
799 777 925 842 codices
944 797 1011 840 non
1034 773 1117 839 nulli
1137 776 1277 857 aquilius
1296 776 1383 840 simi-

236 883 347 966 lesque
371 882 493 947 formas
517 883 685 967 exhibent,
708 885 764 948 alii
785 906 852 948 non
874 884 993 967 peioris
1026 886 1124 948 notae
1157 882 1286 947 easdem
1315 882 1383 946 sine

236 992 249 1054 i
276 989 387 1054 littera
410 971 594 1054 servarunt.
641 989 692 1054 Sic
716 1012 767 1055 res
797 1013 831 1055 se
857 991 957 1055 habet
988 991 1021 1054 in
1054 990 1110 1054 illa
1138 989 1260 1074 glossa,
1293 990 1383 1054 cuius

237 1097 427 1162 memoriam
452 1119 550 1180 supra
574 1097 778 1184 collegimus,
808 1120 867 1163 nec
891 1098 995 1162 minus
1019 1097 1053 1162 in
1077 1097 1122 1161 eis
1146 1103 1227 1181 quae
1251 1095 1292 1159 ad
1315 1097 1384 1160 deos

236 1193 384 1285 aquilos
407 1207 563 1287 spectant.
605 1204 716 1270 Veluti
740 1206 881 1291 glossam

457 1334 462 1338 ·
578 1313 616 1376 di
638 1313 781 1394 aquili:
806 1331 912 1378 raaces
934 1312 1029 1392 inferi

325 1416 386 1471 cod.
406 1415 549 1470 Leidensis
568 1417 642 1471 (ΠΡ1
661 1417 680 1471 f.
702 1423 777 1472 18'a
796 1421 825 1472 et
842 1418 903 1472 cod.
922 1416 1069 1472 Bemensis
1088 1421 1140 1470 224
1158 1414 1177 1468 f.
1196 1420 1289 1468 207'0
1308 1416 1382 1483 (dra-

326 1505 396 1573 qaili
406 1517 414 1559 t
425 1521 533 1566 ,manas
550 1506 654 1571 invidi,
680 1505 763 1573 atque
785 1506 826 1559 ita
844 1505 956 1574 quidam
976 1507 1008 1560 ut
1025 1506 1088 1559 dra·
1107 1503 1264 1558 litterarum
1284 1504 1397 1559 ordine'

326 1592 516 1662 defendatur);
546 1593 604 1647 cod.
629 1593 771 1647 Leidensis
790 1592 851 1648 671⁴]
875 1591 894 1648 f.
916 1592 990 1647 1gvb
1015 1595 1124 1659 (manas
1142 1593 1259 1661 inuidi);
1288 1593 1383 1662 glossa

327 1681 448 1735 ‘Isidori'
469 1699 495 1750 p.
512 1687 571 1748 677,
583 1687 616 1736 13
636 1682 773 1751 (draqaiii
789 1697 889 1735 manas
907 1681 1021 1750 iaaidc);
1041 1681 1101 1736 cod.
1112 1681 1264 1735 Vossianus
1278 1683 1337 1737 Fal.
1348 1690 1382 1737 24

328 1769 495 1838 (draqailiai
513 1785 611 1823 manas
629 1771 728 1838 impii).

237 1862 336 1927 codex
359 1858 612 1945 Amplonianus2
634 1883 664 1944 p.
688 1862 850 1945 296,102
879 1861 924 1924 sic
947 1861 1102 1944 prodidit:
1130 1862 1292 1946 diaqaila:
1316 1885 1382 1928 raa·

236 1989 296 2034 aas
310 1967 412 2049 inferi,
431 1968 487 2032 ubi
502 1968 610 2050 aquila
628 1967 711 2032 nihil
731 1972 780 2032 est
797 1968 863 2032 nisi
881 1968 1001 2049 aquilii.
1032 1966 1077 2032 Et
1092 1967 1215 2032 Placidi
1231 1992 1261 2052 p.
1276 1971 1329 2053 30,
1342 1973 1381 2058 16

236 2078 270 2142 di
288 2077 406 2158 aquili:
430 2076 476 2140 dii
494 2072 638 2160 aaaron
662 2072 813 2162 aquilosl)
836 2075 960 2157 antiqui
977 2075 1082 2156 aipros
1099 2075 1239 2156 dibebant
1256 2077 1381 2142 codices

236 2181 495 2266 Hamburgensis
526 2184 559 2245 et
582 2181 704 2246 Maiani
726 2182 760 2245 di
781 2181 894 2262 aquilii
918 2180 1084 2245 exhibent:
1115 2181 1266 2246 similiter
1288 2181 1382 2248 Pauli

237 2290 398 2373 epitomae
420 2289 442 2352 l.
466 2311 490 2353 s.
515 2312 539 2352 s.
567 2285 644 2353 libri
668 2288 872 2354 Monacensis
897 2287 1231 2371 Guelferbytanusqua
1258 2289 1383 2371 aquilus

236 2397 331 2479 color,
368 2401 518 2479 excerpta
555 2400 663 2460 autem
701 2397 777 2478 post
809 2393 991 2459 Salomonis
1025 2393 1220 2478 glossarium
1257 2394 1382 2458 adiecta

235 2503 390 2568 fi244⁷a
421 2503 558 2584 aquilius
574 2503 677 2567 'colon
729 2501 900 2566 Praeterea
933 2505 1056 2565 certum
1087 2502 1137 2563 est
1163 2497 1315 2564 Plautum
1347 2501 1381 2566 in

236 2608 371 2674 Poenuli
395 2630 490 2673 versu
515 2632 613 2692 supra
630 2632 661 2693 p.
676 2610 740 2674 273
765 2609 903 2673 excitato
927 2608 1031 2690 aquila
1053 2608 1161 2671 forma
1184 2629 1279 2670 usum
1302 2629 1381 2690 esse,

236 2716 431 2801 eandemque
464 2715 565 2780 habes
597 2716 632 2780 in
665 2715 823 2780 adiectivo
857 2714 1037 2798 composito
1068 2713 1261 2797 subaquilum
1296 2713 1380 2797 quod

235 2822 334 2887 etiam
357 2823 391 2886 in
414 2822 534 2908 glossis
558 2823 638 2887 meis
662 2823 729 2886 sine
753 2823 766 2886 i
787 2821 899 2886 littera
921 2820 1078 2885 traditum
1101 2821 1217 2884 exstat.
1262 2818 1381 2884 Mirum

236 2950 313 2994 sane
341 2932 392 2992 est
418 2932 486 2992 tam
516 2950 610 3012 saepe
643 2928 858 3012 corruptelam
890 2927 980 2991 illam
1013 2926 1129 2990 redire:
1161 2947 1264 3010 neque
1296 2927 1381 2990 enim

171 3119 173 3123 ι
236 3031 354 3120 (quode
387 3036 580 3119 cogitaverit
606 3025 751 3102 'fortasse
782 3032 957 3119 quispiam)
976 3033 1135 3124 LAqailira
1167 3055 1285 3098 nomen
1313 3035 1381 3098 eius

235 3141 281 3205 rei
305 3163 403 3205 cansa
424 3142 495 3204 fuit.

324 3247 366 3312 ΙΙ.
391 3246 468 3313 Non
491 3249 598 3312 minus
623 3249 663 3313 ad
686 3247 943 3333 persuadendum
966 3248 1084 3315 idonea
1107 3251 1157 3312 est
1179 3248 1284 3312 altera
1306 3248 1380 3313 Phi·

172 3440 175 3446 Ι
235 3355 344 3419 loxeni
363 3355 622 3439 reliquorumque
643 3355 876 3441 glossariorum
895 3355 1053 3420 memoria
1066 3353 1246 3437 Luciliana,
1265 3355 1303 3418 de
1319 3377 1381 3439 qua

237 3463 417 3528 accuratius
441 3462 601 3546 agendum
625 3462 700 3545 erit,
729 3484 801 3526 cum
828 3484 959 3545 prorsus
987 3461 1064 3526 novi
1091 3461 1212 3544 aliquid
1240 3462 1314 3526 inde
1337 3463 1381 3526 sit

236 3569 498 3634 redundaturum.
547 3567 582 3632 L.
606 3569 754 3633 Muelleri
791 3589 828 3634 ex
866 3569 956 3633 libris
994 3568 1126 3632 incertis
1162 3567 1380 3652 fragmentum

237 3675 355 3744 LXXX
378 3701 409 3760 p.
435 3678 495 3742 147
519 3676 582 3741 hoc
606 3680 668 3742 est:

326 3784 450 3868 ‘glosas
470 3782 627 3867 Stephani
649 3784 725 3848 105:
746 3784 887 3866 palliicac
909 3778 972 3868 (ita
990 3781 1023 3844 M
1049 3780 1123 3860 [hoc
1147 3783 1197 3845 est
1219 3780 1379 3846 Lucianus

325 3891 521 3973 Muellerus]‚
533 3892 683 3973 pelliceae
696 3890 884 3975 Vulcanius,
894 3889 1069 3973 patillioaae
1083 3889 1150 3953 eod.
1166 3888 1268 3953 Paris.
1284 3890 1380 3969 7651,

308 4159 327 4226 ¹)
353 4155 441 4210 Huius
463 4156 574 4226 glossae
598 4173 663 4224 pars
685 4155 714 4209 in
738 4155 875 4224 glossaria
895 4172 909 4208 e
928 4154 1043 4208 Placido
1067 4153 1228 4221 neutiquam
1253 4153 1381 4208 derivata

236 4245 349 4300 aliunde
367 4261 544 4314 permanasse
563 4243 681 4298 videtur.
708 4244 802 4299 Habes
822 4245 896 4298 enim
914 4244 944 4298 in
963 4243 1105 4298 codicibus
1120 4243 1261 4298 Vossianis
1275 4243 1334 4297 Fol.
1345 4249 1380 4296 24

237 4333 391 4388 airolae
411 4333 453 4386 dii
471 4333 592 4401 aquilini
610 4335 672 4399 (scr.
691 4334 809 4401 aquili):
829 4333 871 4387 dii
888 4334 981 4400 inseri.
1335 4317 1340 4322 ¹

309 4422 329 4491 ²)
349 4423 456 4491 aquilas
474 4423 559 4476 enim
577 4420 785 4493 Deuerlingius,
809 4423 917 4476 secatus
936 4421 985 4476 ille
1003 4420 1129 4490 Papiam.
