3232 5122
677 326 722 336 -
769 289 832 354 rsa
877 328 930 372 -„

116 440 129 464 '
229 447 275 512 XI
289 472 319 532 p.
335 449 477 532 62-67,
497 439 529 512 et
542 448 703 514 Iohannes
718 449 923 533 Meursius,
942 450 997 534 qui
1016 450 1050 513 in
1066 448 1178 514 Critici
1195 449 1374 513 Arnobiani

227 555 304 619 libri
332 554 381 619 ΠΙ
415 555 520 639 capite
542 554 621 618 XIV
651 553 815 642 (operum
829 556 1014 621 Florentiae
1043 578 1070 621 a.
1097 556 1182 622 1745
1215 556 1374 622 editorum

226 665 249 726 t.
265 660 312 725 VI
334 685 365 746 p.
382 661 444 726 159
457 659 517 747 sq.)
542 663 704 746 specimen
726 662 864 746 protulit
888 663 1150 728 emendationum
1159 661 1182 748 ¹)
1206 662 1373 726 Philoxeni

202 811 206 820 ·
227 769 424 853 glossarum,
454 767 599 832 thesauri
625 772 662 832 ut
690 769 737 833 ait
753 770 874 854 -magni
898 770 1119 854 antiquitatis,
1147 769 1260 852 magni
1288 789 1372 831 men·

227 874 349 938 darum.
395 873 566 938 Praeterea
597 879 705 940 autem
733 876 949 940 nominandae
977 880 1054 941 sunt
1084 877 1164 942 Bon.
1187 875 1373 941 Vulcanii
1427 910 1433 920 ·
1469 945 1472 954 ¹

227 979 334 1044 ‘notae
349 982 382 1044 et
396 981 627 1066 castigationes
647 982 681 1045 in
700 982 859 1066 glossaria
878 983 1045 1066 utriusque
1060 981 1203 1067 linguae'
1220 1005 1251 1066 p.
1264 981 1372 1045 1—70

226 1087 385 1169 adiectae,
421 1087 526 1151 bonae
559 1085 662 1178 frugis
700 1109 756 1159 eae
789 1087 1006 1170 plenissimae.
1057 1087 1121 1152 Ubi
1154 1109 1234 1172 quae
1267 1087 1372 1170 prof-

226 1196 341 1258 runtur
373 1194 627 1276 corruptelarum
659 1193 922 1259 foedissimorum
953 1193 1233 1280 ingeniosissimus
1264 1215 1371 1257 emen-

226 1299 371 1364 dationes
395 1281 503 1364 nescio
527 1323 606 1363 num
629 1303 742 1364 notum
766 1301 810 1364 sit
828 1322 881 1364 eas
903 1322 969 1365 non
987 1298 1148 1364 Vulcanio
1168 1299 1292 1382 deberi,
1316 1301 1372 1364 sed

225 1406 363 1489 Iosepho
382 1405 473 1470 Iusto
492 1404 705 1490 Scaligerc,
729 1428 823 1489 quem
846 1406 942 1471 huius
966 1405 1118 1490 glossarii
1142 1405 1372 1489 sospitatorem

170 1588 173 1593 ι
223 1534 289 1576 non
316 1512 436 1576 iniuria
464 1512 591 1577 dixeris.
637 1511 731 1576 Hanc
760 1515 869 1577 autem
892 1512 940 1576 rei
967 1513 1129 1577 rationem
1157 1535 1229 1576 esse·
1249 1513 1369 1596 planis-

224 1619 303 1683 sime
327 1619 542 1684 demonstrari
564 1621 674 1703 potest
698 1611 852 1683 adhibitis
875 1617 1029 1703 Scaligeri
1053 1618 1093 1683 ad
1115 1619 1248 1683 Festum
1272 1619 1368 1683 adno-

224 1725 417 1806 tationibus,
442 1725 498 1788 ubi
523 1728 686 1789 sescentos
711 1724 862 1809 glossarii
885 1725 974 1789 locos
998 1723 1223 1809 em'endavit2).
1264 1724 1369 1790 Multo

223 1832 340 1896 certius
383 1831 480 1894 etiam
516 1830 601 1894 idem
644 1832 865 1895 demonstrare
902 1827 1053 1914 possum?
1072 1835 1245 1915 propterea
1282 1833 1368 1916 quod

223 1941 353 2021 praesto
386 1937 468 2001 mihi
500 1939 562 2002 fuit
596 1936 877 2022 Scaligeranorum
911 1960 927 2001 e
961 1937 1068 2002 codice
1100 1937 1247 2002 Parisino
1283 1939 1366 2003 7651

224 2048 445 2127 excerptorum
470 2044 681 2129 apographon
704 2067 723 2108 a
742 2044 776 2108 P.
793 2044 981 2108 Burmanno
1006 2042 1152 2108 Secundo
1178 2044 1369 2119 confectum.

222 2151 342 2215 Exstat
360 2153 468 2214 autem
487 2151 522 2240 in
539 2150 738 2215 bibliotheca
756 2150 905 2215 Leidensi
924 2151 970 2215 sic
990 2151 1168 2234 signatum:
1193 2148 1272 2214 ‘Ms
1286 2151 1367 2241 Bur-¹

221 2279 320 2322 mann
351 2257 472 2332 Quarto
495 2255 528 2322 N
546 2255 590 2340 5’„
623 2278 685 2341 quo
719 2258 753 2320 in
784 2256 948 2322 volumine
969 2255 1152 2340 'septimum
1182 2257 1291 2321 locum
1322 2262 1366 2322 te-

222 2367 279 2426 net
302 2385 332 2446 p.
354 2362 419 2427 635
431 2384 499 2446 sqq.
536 2363 719 2448 Descripsit
741 2365 947 2428 Burmannus
976 2385 993 2426 e
1021 2363 1130 2427 codice
1160 2347 1367 2448 Scaligerano

223 2469 265 2533 25
293 2466 346 2555 (cf.
370 2465 401 2552 p.
420 2470 512 2533 340a
543 2470 686 2554 catalogi
718 2469 915 2554 Leidensis)‚
948 2469 1003 2554 qui
1036 2469 1180 2534 continet
1211 2469 1368 2536 ‘carmina

221 2575 379 2660 quaedam
410 2574 473 2638 Ios.
502 2572 659 2660 Scaligeri
683 2627 689 2641 .
709 2627 742 2641 ..
777 2576 1012 2661 glossarium
1044 2577 1394 2662 latinograccum„
1457 2625 1461 2630 .

221 2682 417 2764 descriptum
440 2703 489 2744 ex.
502 2685 630 2747 vetusto
656 2683 763 2748 codice
787 2683 934 2746 coenobii
954 2680 984 2747 S.
1004 2681 1155 2746 Germani
1174 2683 1367 2749 Parisiensis

222 2789 261 2854 ad
280 2788 442 2852 suburbia.
466 2790 623 2853 vocabula
643 2788 803 2872 descripta
816 2810 863 2864 ,ex
884 2788 1047 2852 veteribus
1067 2788 1234 2873 glossariis
1253 2790 1367 2854 latino-
1437 2831 1443 2844 ·

222 2891 378 2980 graeeis³)
394 2944 400 2957 .
415 2943 445 2958 ..
468 2894 577 2959 omnia
606 2917 643 2959 ex
672 2894 890 2978 chirographo
918 2895 1019 2977 ipsius
1043 2892 1106 2958 Ios.
1131 2891 1286 2980 Scaligeri
1302 2944 1309 2958 .
1324 2945 1331 2959 .
1347 2895 1366 2960 .'

220 3000 283 3066 Hic
308 3023 386 3085 quas
411 3000 589 3084 adscriptas
612 3000 713 3065 habes
737 2999 763 3065 S
783 3003 862 3064 nota
886 3001 1016 3082 adpicta
1040 2997 1195 3084 Scaligeri
1218 3003 1365 3084 emenda-

219 3106 337 3192 tiones²
364 3101 510 3190 prolatas
538 3106 612 3171 illas
636 3106 745 3190 aliqua
773 3128 811 3169 ex
834 3099 927 3189 pasto
951 3107 1049 3170 etiarn
1074 3107 1114 3170 ad
1137 3106 1281 3191 Festum,
1311 3131 1365 3173 eas

220 3212 396 3278 Vulcanius
421 3211 612 3297 simpliciter
633 3233 707 3276 suas
731 3212 821 3295 fecit,
844 3213 928 3276 unde
948 3213 1066 3277 eximia
1088 3213 1205 3278 harum
1231 3213 1365 3280 adnota-

293 3425 311 3492 l)
330 3425 436 3478 Harum
455 3422 682 3477 emendationum
700 3423 834 3476 maiorem
855 3425 965 3492 partein
984 3423 1013 3478 in
1032 3424 1270 3481 Exercitationum
1289 3425 1363 3479 criti-

218 3531 314 3568 carum
331 3515 412 3582 parte
431 3512 553 3568 secunda
571 3513 619 3565 lib.
634 3512 672 3566 IV
692 3527 752 3580 cap.
769 3517 802 3566 15
821 3529 847 3581 p.
863 3517 1004 3581 220-223
1024 3513 1154 3568 editionis
1168 3513 1363 3582 Lugdunensis

218 3603 388 3660 Batavorum
408 3618 432 3654 a.
451 3606 517 3654 1599
536 3599 657 3669 repetiit
1009 3582 1019 3593 N

195 3693 202 3710 ⁸
291 3690 311 3759 2)
326 3691 430 3745 Verum
445 3691 487 3743 est
501 3689 523 3743 si
539 3689 700 3759 quidquam,
718 3690 794 3757 quod
808 3689 933 3759 Scaliger
947 3690 989 3744 ait
999 3689 1241 3759 Scaligeranorum
1250 3690 1276 3742 ll
1291 3709 1316 3758 p.
1329 3696 1363 3744 94

217 3780 252 3833 de
276 3778 560 3848 sangermanensibus
582 3778 639 3831 illis
662 3777 761 3847 glossis
785 3779 820 3832 ad
844 3778 1030 3833 enarrandum
1053 3779 1166 3832 Festum
1192 3796 1208 3832 a
1232 3796 1260 3832 se
1286 3779 1363 3832 adhi-

217 3866 298 3920 bitis:
320 3867 361 3936 ‘je
372 3867 445 3920 ni'en
459 3868 514 3922 suis
528 3867 593 3921 bien
608 3866 701 3921 servi’.
726 3865 766 3920 Cf.
781 3867 899 3922 eundem
915 3867 951 3920 ad
964 3868 1077 3922 Festum
1091 3867 1172 3920 Pauli
1186 3869 1362 3922 aradorium:

219 3955 398 4026 ‘glossarium
416 3959 508 4034 uptus,
529 3957 605 4011 cuius
624 3973 676 4027 ope
695 3957 785 4010 multa
803 3956 952 4010 vetustatis
972 3956 1028 4011 situ
1047 3957 1158 4024 sepulta
1176 3955 1319 4012 eruimus'.

289 4045 309 4113 ³)
333 4045 408 4100 Haec
432 4063 542 4115 quoque
561 4047 735 4100 Burmannus
759 4045 914 4114 descripsit.
951 4045 1096 4116 Pertinent
1119 4047 1213 4098 autem
1237 4043 1302 4097 inde
1325 4047 1362 4100 ab

218 4134 388 4202 dporptucrcs
403 4151 483 4190 cama
519 4137 687 4203 ἀρτόκρεαεε
702 4136 948 4203 circumiensque
963 4134 998 4188 ad
1011 4136 1187 4201 ψιλοβάφοω
1202 4135 1361 4201 plumarius

216 4229 320 4292 ψηρτιᾷ
344 4225 438 4278 burdet
459 4230 565 4293 γανειᾷ.
602 4224 784 4294 spicilegium
808 4227 850 4278 est
868 4225 1042 4292 quarundam
1063 4221 1230 4276 ‘Philoxeni’
1256 4222 1361 4290 glossa-

216 4331 277 4366 rum
292 4314 328 4367 ob
347 4331 446 4368 vocum
460 4329 623 4382 graecarum
637 4313 781 4367 raritatem
796 4312 958 4382 insignium,
973 4313 1136 4366 lemmatum
1151 4313 1180 4364 et
1193 4309 1359 4388 interpreta-

217 4405 374 4460 mentorum
393 4401 489 4460 ordine
507 4401 639 4458 nimirum
657 4404 823 4474 permutato.
