3192 5126
655 327 960 420 '-ms-

429 521 614 614 omarum,
631 523 793 601 uuum
811 482 932 599 ouum
956 515 1025 581 eos.
1039 513 1212 620 urrunsa
1224 512 1299 577 eru
1319 512 1341 576 f.
1356 512 1421 576 ror

430 627 511 692 nihil
535 625 598 690 nisi
621 625 713 690 haee:
731 624 878 706 purieidu
898 625 952 704 qui
975 622 1111 686 lioruiues
1130 621 1210 685 oeiid
1228 619 1294 700 poi
1314 620 1422 702 reatui,

424 734 623 817 pureutieidu
644 725 698 813 qui
715 719 832 814 parmi
855 732 908 795 sul
929 731 1017 794 modo
1039 749 1139 793 uuum
1166 726 1196 813 t)

316 860 491 943 Bipeuuie:
514 857 628 922 mortuis
650 857 847 932 umumm’om
872 875 1011 937 murium
1033 853 1174 919 dicebaut
1195 851 1344 934 autiqui
1372 851 1422 914 bis

415 970 557 1044 ,acutum
580 961 662 1048 (eod.
687 960 908 1046 Sangallensis
932 960 997 1024 912
1021 982 1050 1042 p.
1070 956 1146 1045 371)

316 1091 494 1174 Bipeuuis:
517 1087 648 1163 securim
665 1107 806 1168 pmuum
826 1081 904 1171 bisl)
928 1089 1054 1148 omitum
1076 1083 1215 1149 dicebaut
1236 1079 1422 1166 autiqui3)

433 1194 517 1283 (eod.
541 1193 707 1260 Leidensis
732 1191 808 1257 ern
832 1192 854 1255 f.
880 1188 1037 1276 10¹bsq.)

317 1320 482 1387 Corculum
496 1319 687 1402 iupeuiosum
702 1324 730 1382 et
740 1319 924 1400 prudentem
937 1316 1075 1380 dicebaut
1092 1320 1242 1391 ueterem
1261 1318 1306 1378 est
1317 1319 1425 1378 autem

432 1426 653 1492 diminutivum
676 1447 697 1489 o
719 1424 806 1490 eorde
830 1421 974 1511 (glossae
999 1420 1193 1504 salomonia
1223 1419 1261 1485 ef.
1285 1419 1423 1484 Festum

434 1517 528 1598 Pauli
550 1555 581 1616 p.
600 1520 657 1617 el,
676 1532 713 1597 5:
746 1530 920 1596 ‘corculum
949 1552 968 1592 a
996 1528 1092 1594 eorde
1121 1527 1272 1592 dicebant
1295 1525 1427 1612 antiqui

435 1640 600 1704 sollertem
624 1643 657 1703 et
680 1636 837 1722 acutum')
911 1665 916 1675 ·

319 1766 498 1830 Peomium:
526 1763 755 1846 patrimonium
781 1764 867 1844 opud
896 1767 1034 1827 ueteres
1064 1759 1146 1843 (eod.
1167 1722 1427 1841 ¹llmplonianusl

435 1895 464 1955 p.
489 1873 564 1954 362,
579 1869 657 1934 252:
674 1869 835 1953 peoulum)

335 2083 476 2166 VOOES
500 2107 509 2125 ·
531 2081 592 2146 EX
615 2105 624 2124 ·
646 2078 1096 2146 INTERPRETAMENTIS
1118 2103 1127 2122 ·
1150 2076 1358 2144 HAVSTAE

363 2226 560 2290 Lemmata
592 2245 629 2287 eo
662 2222 854 2305 utilissima,
887 2222 972 2306 quod
1004 2226 1134 2287 vetusta
1162 2221 1290 2305 aliaque
1318 2221 1426 2285 bonae

275 2336 373 2398 notae
405 2331 564 2396 voeabula
601 2352 639 2394 ex
672 2329 768 2394 certis
807 2329 1002 2412 scriptorum
1041 2329 1107 2393 sive
1145 2329 1321 2393 etiamnum
1359 2349 1427 2391 ser-

276 2443 424 2506 vatorum
457 2438 525 2502 sive
558 2435 614 2519 qui
646 2435 880 2500 interciderunt
912 2457 1149 2518 anonymorum
1187 2434 1268 2499 loeis
1305 2433 1428 2498 hausta

277 2544 448 2608 exhibent:
485 2563 588 2626 neque
620 2545 731 2604 tamen
763 2562 874 2606 eorum
907 2540 1259 2623 interpretamenta
1291 2541 1428 2624 indigna

230 2662 233 2668 '
277 2650 412 2716 suntin
435 2670 516 2734 quae
547 2647 736 2731 diligentius
760 2647 969 2732 inquiramus.
1016 2646 1105 2712 Haeo
1130 2649 1216 2711 enirn
1241 2649 1428 2732 glossarum

277 2762 384 2842 partes
406 2758 447 2822 ab
471 2755 552 2839 ipsis
572 2753 817 2839 glossographis
838 2755 889 2818 vel
908 2753 1095 2818 selroliastis
1115 2753 1279 2836 profectae
1299 2754 1429 2838 donent,

278 2864 388 2952 qualia
420 2862 578 2928 voeabula
611 2861 788 2926 rarioribus
819 2860 1039 2945 obsoletisque
1067 2858 1260 2942 respondere
1292 2860 1427 2924 illorum

276 2973 382 3036 aetate
416 2972 486 3034 visa
514 2969 593 3033 sint:
626 2967 659 3031 id
689 2968 774 3052 quod
791 3049 793 3066 1
808 2968 888 3032 seire
910 2967 1054 3032 seientia
1084 2988 1157 3030 eum
1185 2987 1243 3048 per
1271 2988 1304 3029 se
1336 2966 1428 3031 haud

276 3076 469 3160 spernenda,
491 3079 561 3139 tum
579 3077 752 3157 propterea
770 3074 943 3148 admodum
962 3074 1052 3138 utilis
1073 3078 1136 3157 est,
1160 3073 1246 3157 quod
1264 3075 1425 3156 posterio-

275 3184 320 3247 ris
346 3183 464 3247 aetatis
489 3185 522 3245 et
545 3182 674 3245 omnino
699 3180 843 3264 vulgaris
867 3181 979 3265 lingna
999 3181 1148 3265 antiquas
1171 3181 1294 3246 formas
1314 3201 1426 3268 voees-

277 3310 339 3372 que
363 3287 507 3351 servavit
523 3289 718 3370 permultas.
754 3287 867 3371 Itaque
887 3310 925 3352 ex
944 3289 1003 3352 illo
1022 3289 1112 3354 fonte
1135 3288 1238 3372 petita
1256 3311 1323 3352 non
1342 3289 1427 3353 adeo

279 3394 384 3458 multa
408 3393 605 3478 proposituri
628 3414 695 3458 non
718 3392 869 3458 timemus
893 3415 933 3457 ue
957 3394 1106 3488 inutilem
1131 3416 1264 3478 operam
1289 3397 1428 3484 aggredi

280 3500 455 3566 videamur.
971 3503 979 3512 '

340 3764 371 3832 ¹¹)
391 3763 434 3817 lbi
449 3763 526 3831 peuri
547 3765 575 3818 et
594 3769 674 3818 acuto
690 3763 889 3833 scriptumest.
918 3766 1024 3820 Eadem
1039 3767 1132 3836 glossa
1146 3768 1274 3821 truncata
1288 3767 1317 3821 iu
1331 3769 1431 3822 codiee

278 3851 410 3906 Leidensi
429 3853 490 3906 6OE
509 3852 528 3908 f.
545 3855 634 3908 10Vb:
655 3854 801 3922 bipennis:
820 3855 922 3925 securis
941 3857 1101 3920 urriuuon'eu
1119 3856 1195 3923 (uico
1213 3873 1246 3909 ex
1264 3857 1342 3922 eico).

352 3942 372 4010 ²)
395 3942 448 3996 Bis
470 3943 583 4012 vocula,
612 3961 696 4012 quam
714 3960 842 4012 perverse
863 3943 1032 3998 addiderunt
1054 3931 1174 4012 librarii,
1200 3945 1280 3998 abest
1303 3946 1429 3999 asimil-

278 4030 348 4084 lima
375 4029 482 4084 Isidori
498 4030 644 4100 Originum
667 4029 744 4098 XIX,
765 4037 795 4084 11
822 4032 853 4099 (t.
872 4031 911 4086 IV
936 4051 963 4101 p.
984 4038 1036 4085 444
1065 4031 1107 4086 ed.
1126 4032 1249 4101 Areval.)
1277 4032 1430 4090 memoria:

279 4119 405 4188 bipeuuis
433 4121 548 4186 dicitur,
576 4120 649 4188 quod
671 4137 705 4174 mr
727 4125 844 4190 utruque
857 4115 945 4188 *purte
967 4122 1065 4176 habeut
1088 4127 1198 4176 neutum
1221 4123 1318 4188 uriom,
1346 4126 1432 4192 quusi

280 4209 351 4262 duos
365 4224 489 4277 ptumum
504 4224 625 4276 pmuum
645 4212 734 4262 autem
753 4211 863 4278 antiqui
882 4214 996 4264 acutum
1011 4211 1143 4265 dicebaut.

353 4297 374 4365 ³)
393 4296 464 4351 Hine
483 4296 622 4354 fluxerunt
634 4312 779 4366 peumum=
794 4299 835 4352 bie
849 4303 959 4353 acutum
977 4299 1048 4367 (eod.
1064 4298 1207 4354 Leidensis
1223 4300 1285 4354 67Ε
1305 4300 1323 4352 f.
1339 4306 1429 4372 47¹a;

280 4384 391 4452 glossae
413 4384 514 4439 Isidori
535 4404 563 4456 p.
583 4392 643 4455 691,
659 4388 704 4455 44)
728 4388 756 4441 et
779 4401 913 4441 eeuuume
938 4391 1060 4456 acutum,
1088 4388 1156 4456 quio
1178 4389 1287 4456 autipui
1305 4405 1430 4449 eeuuum

281 4474 406 4530 dicebaut
424 4473 475 4542 (sie
494 4474 553 4530 eod.
574 4473 821 4545 sangermanensis
839 4475 912 4530 inter
931 4493 945 4530 e
962 4474 1074 4532 litterae
1093 4475 1219 4547 glossas).
