3216 5126
681 328 897 392 „91-

415 487 571 542 Parisinus:
1001 484 1159 538 Leidensis:

216 593 402 648 Dedicatumr
422 590 596 662 devotatum,
616 609 773 648 saerosanc-
801 591 985 646 Dedicatumr
1005 589 1183 658 devocatum,
1203 605 1360 644 sacrosanc-

288 685 348 736 tum
873 683 933 735 tum

129 791 132 796 ·
217 770 434 827 Dedicationesz
453 771 582 826 incaenia
802 770 905 824 Dedita
923 782 1028 839 operar
1047 769 1130 822 valde
1150 767 1217 822 data

216 859 319 914 Dedita
336 875 441 930 operar
801 858 1018 913 Dedicationese
1037 857 1179 917 incaenia,

216 1039 307 1105 Nihil
344 1043 462 1134 mirum
498 1041 583 1125 quod
621 1041 749 1124 saepius
787 1045 901 1105 neuter
938 1062 1049 1105 verum
1087 1037 1241 1119 servarit,
1273 1036 1362 1100 velut

215 1170 246 1231 p.
272 1148 348 1231 179,
369 1147 448 1231 285;
484 1147 559 1230 183,
580 1147 659 1229 3833
697 1147 774 1228 190,
795 1146 847 1211 45.
903 1145 991 1210 Alibi
1028 1145 1164 1229 denique
1206 1144 1363 1208 alteruter

215 1257 342 1336 partem
365 1255 433 1319 veri
456 1258 493 1318 ut
521 1254 568 1317 ita
596 1252 701 1316 dicam
729 1253 873 1335 exhibet,
901 1253 984 1316 unde
1012 1249 1226 1334 redintegrari
1254 1252 1363 1332 potest

216 1361 371 1444 pristinus
393 1362 486 1444 ordo,
510 1363 547 1423 ut
569 1381 600 1442 p.
619 1357 710 1422 252³.
733 1358 832 1423 Hild.:

349 1585 357 1604 .
418 1553 573 1608 Parisinus:
780 1535 785 1540 ⁵
999 1551 1158 1606 Leidensis=

219 1659 400 1715 Publieatus=
420 1660 558 1728 detectus,
577 1659 727 1714 infamatus
804 1658 971 1715 Publiceni:
992 1658 1040 1728 qui
1058 1657 1201 1727 publicam
1218 1673 1277 1711 rem
1296 1655 1361 1710 faci·

875 1749 927 1802 unt
945 1765 1000 1802 non
1019 1763 1037 1801 a
1054 1745 1195 1816 peccando

174 1867 177 1879 ·
219 1835 406 1893 Publicanusr
433 1839 482 1907 qui
504 1839 618 1908 publica
635 1838 775 1908 vectique·
804 1839 986 1894 Publioatusr
1006 1837 1145 1904 detectus,
1164 1834 1284 1889 infamat

291 1926 367 1996 galia
386 1927 474 1997 exigit

219 2015 385 2075 Publicaniz
404 2015 453 2084 qui
471 2016 613 2084 publicam
631 2034 691 2072 rem
709 2016 776 2071 faci·
805 2016 993 2070 Publicanusr
1015 2015 1064 2084 qui
1081 2013 1194 2084 publico
1213 2010 1364 2082 vectigalia

289 2105 352 2173 unt,
372 2121 426 2159 non
446 2121 463 2158 a
480 2105 621 2175 peccando
876 2105 964 2175 exigit

218 2287 281 2368 Hic
311 2304 478 2396 Leidensis
513 2309 599 2370 reete
625 2306 785 2388 publicani
813 2309 887 2370 ante
913 2307 1089 2388 publicatus
1119 2306 1153 2366 et
1178 2300 1368 2384 publicanus·

219 2411 322 2496 ponit,
346 2412 379 2475 in
400 2433 439 2476 eo
457 2397 568 2478 tamen
591 2435 663 2477 eum
681 2412 827 2476 Parisino
848 2434 958 2476 errans
982 2411 1067 2496 quod
1084 2410 1271 2494 publicanus
1289 2409 1365 2490 post
1430 2457 1433 2464 .

213 2518 389 2600 publicolas
411 2518 535 2582 inserit.
580 2517 656 2583 Non
685 2519 753 2583 sine
780 2519 907 2582 ratione
936 2521 1045 2582 autem
1070 2516 1134 2582 hoo'
1160 2515 1270 2599 paullo
1294 2514 1364 2580 dili-

219 2625 347 2709 gentius
371 2624 669 2710 comprobavimus3
692 2646 769 2688 nam

310 2732 343 2815 1)
365 2732 548 2795 litterarum
568 2732 645 2796 ordo
662 2734 773 2815 aperte
793 2730 885 2794 docet
909 2729 1104 2814 glossarium
1126 2728 1207 2793 illud
1223 2727 1306 2792 sicut
1320 2727 1361 2790 ab

217 2828 438 2903 Hildebrando
454 2838 575 2901 editum
594 2838 704 2921 habes,
723 2838 1003 2920 interpolatum
1027 2857 1106 2900 esse.
1135 2834 1266 2898 Etenim
1280 2834 1364 2918 glos-

219 2968 286 3010 sae:
310 2946 421 3028 quu:
444 2945 596 3025 festivitas
618 2967 647 3026 p.
672 2945 701 3028 6,
720 2946 760 3008 07
853 2941 992 3007 Onedor:
1017 2943 1175 3007 toarebroe
1197 2964 1228 3024 p.
1251 2940 1363 3023 41,13

218 3052 349 3116 Dabar:
373 3053 496 3116 eertum
519 3073 549 3134 p.
569 3051 654 3132 90,7
723 3051 843 3115 Deber:
867 3056 1007 3140 irrortera,
1034 3049 1242 3131 pestilentium
1264 3071 1294 3132 p.
1313 3048 1366 3129 93,Ι

218 3159 260 3222 36
339 3159 482 3241 λΠέφνιοητ
506 3158 663 3222 sileatium
686 3181 716 3240 p.
743 3159 815 3241 103,
832 3159 896 3222 203
973 3158 1097 3222 Dibon:
1121 3159 1217 3221 cleers
1240 3179 1269 3240 p.
1292 3156 1364 3236 104,

218 3265 283 3328 214
374 3264 503 3330 Gebim:
527 3264 614 3328 colles
637 3286 667 3348 p.
694 3264 766 3347 154,
781 3265 823 3328 42
863 3322 865 3326 .
914 3263 1071 3328 Semelen:
1095 3264 1213 3328 coelum
1235 3284 1265 3345 p.
1289 3263 1365 3341 270,

220 3373 279 3436 131
372 3371 461 3436 Scir:
484 3360 604 3452 aspidas
626 3372 810 3454 celpilosas
833 3395 863 3455 p.
887 3372 1038 3454 272,161
1086 3370 1206 3452 Sabim:
1230 3369 1363 3434 scorium
1397 3410 1399 3414 -

217 3479 263 3544 vel
285 3480 392 3562 rubipo
416 3501 445 3562 p.
470 3480 637 3563 272,190,
668 3500 747 3561 quas
771 3482 808 3542 ut
831 3477 1017 3542 emendaret
1035 3476 1276 3540 Hildebrandus
1300 3474 1364 3538 fru-

218 3589 288 3650 stra
302 3585 444 3668 sudavit‚
469 3608 541 3650 cum
562 3587 602 3650 ad
620 3609 717 3650 unam
738 3607 848 3650 omnes
868 3585 1053 3649 litterarum
1068 3583 1215 3648 ordinem
1232 3582 1363 3664 violent,

219 3692 347 3757 aliunde
370 3693 516 3757 invectae
541 3696 623 3757 sunt.
662 3691 803 3782 Easdem
825 3714 891 3756 non
915 3690 1046 3756 difficile
1074 3694 1125 3755 est
1152 3690 1364 3774 comprobatu

217 3800 359 3865 eiusdem
383 3822 494 3866 omnes
514 3799 650 3884 originis
672 3821 755 3863 esse:
780 3822 796 3863 e
815 3802 1012 3864 testamento
1035 3797 1187 3863 nimirum
1211 3795 1363 3861 hebraico

122 3947 124 3954 ·
216 3906 358 3972 haustas.
404 3907 546 3992 Egregie
578 3907 640 3970 hoc
672 3907 903 3989 comprobatur
931 3905 1038 3970 codice
1063 3903 1224 3985 Leidensi,
1258 3924 1364 3986 aquo

217 4036 328 4079 omnes
352 4015 429 4078 illae
453 4035 532 4097 quas
557 4033 657 4095 supra
681 4011 908 4094 exscripsimus
933 4012 1062 4094 glossae
1087 4010 1217 4091 absunt3

305 4119 340 4206 2)
371 4120 555 4185 litterarum
589 4119 700 4183 ordine
734 4140 843 4182 severe
881 4119 1052 4183 observato
1089 4117 1168 4181 duce
1208 4115 1363 4181 ‘abavus'

218 4227 414 4310 glossarium
429 4227 573 4292 omnium
598 4226 736 4292 maxime
759 4226 914 4290 refertum
929 4247 998 4289 esse
1017 4223 1153 4288 formis
1174 4245 1190 4287 e
1209 4223 1365 4308 vulgari

220 4355 393 4399 sermone
417 4333 555 4418 petitis
575 4334 733 4397 docemur.
767 4331 898 4397 Scatent
916 4354 992 4396 sane
1011 4332 1076 4396 alia
1095 4353 1222 4415 quoque
1242 4333 1364 4416 glossa-

217 4443 267 4511 ria
288 4440 580 4510 innumerabilibus
604 4461 706 4536 paene
729 4441 850 4510 talibus
870 4439 997 4532 formi85
1021 4439 1077 4514 sed
1099 4438 1178 4514 huic
1203 4438 1365 4534 glossario
