3232 5122
723 313 966 380 -206-

277 471 420 538 ‘Notices
444 476 476 536 et
500 471 647 537 extruits’
670 477 693 537 t.
706 473 866 556 xxiiim
885 473 1021 538 Parisiis
1041 495 1068 537 a.
1085 474 1171 538 1872
1194 497 1224 558 p.
1243 475 1418 540 308—478

276 579 442 664 evulgavit
449 577 483 664 ¹).
507 577 659 662 (lodicem
678 579 770 645 illum
789 579 1109 676 Montepessulanum
1131 603 1150 644 a
1166 577 1317 645 Dosithei
1335 581 1418 646 libro

275 680 414 771 pendere
434 686 551 752 docent
568 686 681 752 fabula
695 686 856 771 Aesopica
871 690 903 751 et
917 685 1136 772 fragmentum
1151 687 1254 764 adius
1270 692 1419 771 spectans

275 792 350 857 inde
365 792 452 857 edita
470 817 500 878 p.
514 791 580 857 495
589 815 657 877 sqq.
694 787 844 857 Dosithei
863 793 1058 877 glossarium
1081 794 1116 858 iu
1135 797 1223 859 certa
1242 795 1352 878 capita
1374 795 1420 859 di-

276 903 404 984 gestum
428 904 557 985 praeter
579 900 645 965 alia
661 897 864 964 Dositheana
887 903 994 964 exstat
1017 901 1116 965 etism
1138 901 1173 964 in
1196 900 1304 966 codice
1324 899 1420 965 Vos·
1471 945 1475 952 -

277 1005 389 1072 siano
420 1028 537 1092 graeco
568 1006 602 1070 in
633 1009 748 1090 quarto
774 1007 806 1085 7,
836 1028 899 1090 quo
923 1007 1081 1072 contineri
1105 1006 1246 1091 ‘glossas
1269 1006 1421 1072 Dosithei

277 1112 528 1196 graecolatinas’
558 1113 594 1176 in
623 1113 772 1198 catalogo
796 1136 826 1197 p.
846 1111 940 1177 3951>
965 1113 1201 1198 scriptumest.
1247 1111 1345 1178 (iuius
1369 1136 1420 1178 co·

276 1219 363 1283 dicis.
380 1220 569 1305 apographo
594 1244 614 1286 a
637 1221 824 1302 Burmanno
848 1219 994 1286 confecto
1023 1221 1050 1284 si
1078 1220 1157 1284 fides
1186 1219 1336 1286 habenda
1364 1225 1422 1304 est,

277 1348 359 1410 quae
381 1326 444 1414 huc
467 1329 616 1410 spectant
639 1326 686 1391 sic
709 1327 882 1410 incipiunt:

367 1458 431 1533 Ἐ’μῆ
451 1466 588 1536 ἐπιμελείᾳ
606 1469 651 1520 καὶ
707 1541 708 1546 ¹
951 1467 1015 1521 Mea
1033 1465 1182 1537 diligentia
1200 1469 1229 1522 et
1312 1513 1317 1518 ,

365 1555 515 1626 φιλοπονίᾳ
534 1557 693 1623 μετέγραψα
709 1597 749 1609 ...
953 1557 1044 1610 studio
1062 1556 1239 1628 trunssoripsi
1258 1599 1264 1610 .
1280 1597 1287 1611 .
1303 1599 1322 1623 .,

466 1647 540 1732 Υπερὶ
559 1649 631 1699 θεῶν
1088 1647 1123 1730 de
1142 1645 1195 1700 diis

279 1786 492 1873 ‘expliciunt’z
522 1789 700 1870 topoxdoc:
724 1791 888 1873 aquarium
912 1789 1038 1869 ἰχθύεετ
1056 1791 1165 1872 pisces,

306 1925 311 1936 ·
365 1895 476 1960 Etiam
506 1897 541 1960 iu
569 1895 763 1961 Vossiano
796 1896 922 1960 latino
950 1896 984 1960 in
1010 1896 1090 1962 folio
1120 1898 1162 1962 26
1190 1895 1421 1982 Dositheanff)

276 2004 389 2068 insunt
412 2003 453 2089 (v.
474 2003 658 2088 catalogum
677 2026 708 2086 p.
723 2000 844 2089 stab),
866 2025 947 2087 quae
971 2003 1045 2068 iude
1065 2003 1106 2067 ab
1126 1987 1303 2087 ‘Incipiunt
1325 2004 1422 2068 inter-

277 2110 475 2192 pretationes
498 2111 632 2192 latinae,
653 2109 716 2174 hoc
739 2113 788 2172 est
811 2107 1174 2174 HERMINEOMATA
1199 2107 1353 2174 GREOA.
1385 2109 1423 2173 ab

277 2217 388 2282 luitio:
412 2217 590 2300 merchem
613 2216 652 2280 ab
670 2216 739 2296 alfa
757 2216 879 2280 littera:
902 2216 1048 2298 apocrifa
1066 2213 1234 2299 promotos'
1257 2237 1359 2300 usquc
1383 2216 1423 2279 ad

172 2313 174 2318 ’
275 2328 439 2408 vetantur:
463 2325 629 2407 colpoutoc3
659 2323 750 2386 ueluti
771 2305 863 2387 suut:
887 2323 1075 2406 eoolpthesuu
1103 2321 1263 2407 pertinere
1288 2342 1442 2406 apogra,

277 2429 367 2513 phon
396 2427 676 2494 Burmannicnum
690 2461 693 2467 ·
709 2450 760 2492 me
786 2428 911 2534 docuit.
959 2428 1129 2494 Vocabulc
1162 2450 1280 2514 graeca
1310 2429 1423 2493 latinis

277 2535 397 2600 litteris
422 2535 543 2620 scripta
566 2557 636 2599 esse
659 2535 757 2600 videa.

367 2641 413 2708 Ut
436 2642 502 2707 iam
521 2642 775 2727 complectamur
797 2664 879 2726 quae
899 2644 1102 2728 collegimus,
1125 2640 1317 2707 Dositheani
1341 2640 1423 2725 glos·
1500 2697 1510 2710 .

280 2749 357 2814 sarii
381 2748 422 2812 ad
445 2749 613 2832 alphabeti
637 2750 781 2814 ordinem
811 2749 929 2834 digesti
956 2751 1008 2816 vel
1040 2749 1279 2815 simillimorum
1303 2748 1425 2833 glossa

354 2925 373 2993 ¹)
397 2924 503 2978 Multae
531 2924 626 2979 insunt
653 2925 758 2978 formae
786 2924 926 2995 vulgares
940 2923 969 2980 in
993 2925 1088 2994 eisque
1111 2941 1167 2978 non
1195 2940 1301 2992 paucae
1327 2938 1425 2976 novae.

279 3011 366 3067 Velut
379 3032 406 3082 p.
419 3019 469 3068 351
490 3013 594 3068 formas
612 3014 699 3068 habes
718 3015 876 3068 contractas
894 3015 1045 3068 uustutius
1058 3017 1228 3084 uusquurtus
1246 3029 1296 3082 pro
1310 3013 1425 3066 audiue-

278 3103 376 3156 tertius
391 3103 619 3172 nudiusquartus,
635 3118 706 3171 quae
721 3118 753 3156 eo
768 3103 859 3156 minus
874 3103 975 3158 dubiae
989 3105 1060 3171 sunt,
1079 3103 1154 3171 quod
1167 3102 1307 3172 pleniores
1321 3100 1425 3155 ibidem

241 3177 245 3184 ⁸
281 3192 399 3245 exstant.
427 3191 458 3246 P.
468 3196 520 3244 350
539 3191 588 3245 ubi
602 3191 694 3244 editae
709 3192 773 3268 sunt
786 3191 840 3245 hae
855 3191 977 3260 glossaer
998 3191 1112 3258 ‘cicccc
1130 3191 1234 3257 bimus;
1253 3191 1364 3258 τριετὴε
1376 3188 1425 3242 tri-

226 3275 230 3284 '
280 3299 355 3348 mus3
374 3281 524 3348 respuetur
534 3278 702 3347 quatrimus3
721 3280 874 3358 πενταετῄε
888 3278 1123 3347 quinquinnis'
1141 3279 1230 3333 scribe
1242 3279 1425 3347 quiuquiuus.

281 3367 395 3425 Formas
418 3368 620 3438 pulcherrimas
647 3369 679 3424 A.
698 3369 852 3423 Boucheris
880 3385 962 3437 saepe
989 3386 1024 3422 ne
1054 3367 1196 3422 intellexit
1223 3367 1342 3435 quidem.
1381 3365 1427 3419 Sic

281 3477 307 3527 p.
319 3465 369 3512 351
391 3459 541 3526 *εήμερονε
556 3457 661 3524 hodie3'
672 3460 788 3525 αὔριονι
809 3476 880 3527 eras3
900 3457 938 3512 εἰ(
955 3457 1073 3525 epirus:
1093 3455 1257 3526 perendiae;
1277 3455 1314 3509 εἰ(
1331 3456 1427 3521 τετάρ-

279 3561 353 3613 unu:
373 3548 413 3622 de
432 3549 563 3616 quarte;
591 3546 791 3615 εἰεπέμπτηνε
811 3547 850 3602 de
869 3546 1000 3616 quinte;
1029 3545 1111 3599 κθέει
1130 3545 1221 3599 here'
1252 3544 1427 3599 scribendum

280 3637 375 3704 putat:
397 3635 442 3690 ‘de
462 3636 574 3704 quartc'
597 3635 644 3690 ‘de
662 3635 772 3704 quinta’
794 3635 886 3691 ‘heri'.
915 3634 970 3690 Sed
984 3634 1055 3688 nihil
1073 3633 1251 3688 mutandum:
1271 3635 1304 3688 de
1317 3649 1367 3702 pro
1384 3633 1428 3687 die

281 3725 382 3795 vulgus
407 3725 575 3792 loquebatur
597 3724 832 3793 quemadmodum
854 3725 1069 3792 uuduueuiuc·
1084 3724 1114 3780 et
1135 3724 1229 3792 quiutc
1251 3727 1346 3792 quoue
1367 3723 1429 3776 here
1500 3714 1503 3721 ’

281 3814 397 3868 locativi
415 3816 486 3869 sunt.

356 3903 376 3971 ²)
396 3902 580 3973 ‘inscripsisse
603 3903 694 3959 codici
716 3921 830 3958 manum
849 3904 998 3958 surditam’
1019 3901 1245 3958 Burmannus-in
1264 3900 1428 3970 apographo

283 3991 401 4046 adnotat
418 3993 501 4046 haec:
529 3991 684 4062 ‘integrum
702 3993 756 4046 hoc
775 3992 916 4061 exemplar
934 3993 1026 4046 exstat
1044 3991 1074 4045 in
1092 3991 1263 4044 monasterio
1283 3989 1326 4043 Sti
1345 3989 1427 4056 Galli,

283 4080 394 4134 nomine
410 4079 539 4135 Dosithei
553 4079 742 4149 grammatici,
760 4079 790 4134 in
809 4097 864 4148 quo
883 4096 984 4149 graeca
998 4095 1097 4149 graece
1112 4078 1218 4147 scripta
1232 4078 1307 4143 sunt,
1322 4075 1428 4128 multae

283 4169 398 4237 phrases
425 4168 531 4222 latinae
555 4170 584 4222 et
606 4185 735 4238 graecae,
764 4185 837 4238 quae
864 4171 982 4238 possunt
1011 4168 1141 4236 supplere
1170 4183 1204 4220 ea
1230 4181 1302 4233 quae
1328 4164 1429 4218 desunt

283 4257 357 4325 apud
377 4255 541 4310 charisium.
579 4256 652 4309 Nam
676 4256 790 4310 eaedem
814 4253 925 4311 omnino
945 4257 1010 4310 sunt
1032 4256 1148 4324 phrases
1167 4273 1230 4308 cum
1249 4251 1427 4307 Charisianis.

272 4339 325 4399 ⁴St.
344 4344 410 4413 Gal,
430 4344 469 4398 cis
485 4343 650 4419 Genauam&
678 4343 894 4399 EDositheanis
912 4359 984 4411 quae
1004 4341 1173 4397 Charisianis
1191 4341 1272 4411 paria
1290 4341 1428 4396 similiave

284 4434 349 4486 sunt
366 4431 472 4486 Keilius
490 4430 518 4486 in
537 4431 594 4486 imo
613 4430 785 4500 singularum
803 4432 970 4502 paginarum
988 4431 1115 4502 margine
1132 4430 1277 4487 indicavit.
