3232 5122
733 377 777 391 —-
824 341 975 409 194·-

285 503 418 590 tradita‚
454 505 593 570 maxime
629 505 713 590 quod
751 505 792 568 ad
828 504 1120 588 interpretamenta
1156 503 1281 568 attinet.
1315 500 1455 587 Itaque.

284 629 351 677 n'on
384 613 491 697 inepte
522 611 686 676 videretur
715 611 820 676 conici
856 619 951 694 poss'e
983 615 1154 694 utramque
1186 609 1375 676 memoriam
1413 631 1430 673 e

286 719 434 802 cognatis
465 717 612 784 fontibus
639 717 783 801 fluxisse,
815 716 878 782 nisi
910 716 1017 801 ipsum
1040 714 1130 781 Festi
1168 737 1287 781 nomen
1318 717 1430 782 etiam-

285 847 362 892 num
391 826 424 890 in
452 823 571 909 glossis
602 823 804 888 excitaretur.
849 821 935 888 Nam
963 821 1106 887 dubitari
1134 822 1187 887 vix
1215 826 1326 907 potest
1353 823 1431 906 quin

286 930 432 1017 Scaliger
450 931 491 996 ad
505 931 643 996 Paulum
657 953 687 1014 p.
702 931 732 1015 3,
748 931 789 996 12
809 929 1087 1019 corruptissimam
1101 929 1270 996 Philoxeni
1292 951 1323 1014 p.
1343 929 1429 1012 6,26

286 1039 443 1123 glossam:

373 1162 571 1228 Adoriosus:
595 1161 727 1228 ἔνδοξοι
750 1149 940 1240 dcropiruoc
948 1159 972 1244 1Ι
996 1165 1186 1241 αδορνικηα(
1208 1183 1345 1241 reparat

285 1274 371 1335 recte
394 1270 441 1335 sio
465 1270 697 1340 emendaverit:
935 1241 942 1276 ¹

374 1375 572 1440 Adoriosns:
599 1375 744 1455 ἔνδοξος,
768 1374 812 1439 ὡ(
835 1376 1004 1455 Πομπήϊος

374 1482 485 1548 Ador:
510 1482 591 1562 νίκη,
616 1481 660 1546 ὡ(
683 1484 852 1562 Πομπήϊος

284 1605 418 1670 ethaeo
442 1627 459 1669 e
481 1606 637 1690 Pompeio
660 1604 758 1671 Festo
783 1627 931 1670 manasse
955 1605 1128 1682 censuerit,
1152 1604 1242 1669 cuins
1266 1604 1438 1672 breviator.

284 1732 314 1794 p.
343 1711 377 1795 3,
402 1712 443 1776 12
476 1711 621 1776 exhibet:
654 1710 811 1777 ‘adoriam
843 1711 971 1776 laudem
1003 1712 1070 1776 sive
1103 1711 1241 1795 gloriam
1272 1711 1432 1794 dicebant,

284 1817 360 1900 qui'a
379 1817 557 1901 gloriosum
573 1840 645 1883 eum
664 1819 827 1903 putabant
841 1839 925 1902 esse,
944 1818 998 1903 qui
1012 1818 1107 1883 farris
1122 1818 1216 1902 copia
1230 1816 1430 1882 abundaret'.

284 1921 417 1987 Praeter
444 1945 482 1987 ea
510 1928 618 1988 autern
646 1946 728 2008 quae
756 1947 794 1990 ex
821 1923 919 1990 Festo
947 1926 1078 1990 fluxisse
1106 1926 1157 1989 vel
1188 1928 1274 1989 certo
1300 1925 1431 1990 demon-

285 2029 382 2093 strari
408 2033 517 2113 potest
544 2031 595 2096 vel
628 2032 745 2096 saltem
772 2031 984 2114 probabiliter
1013 2031 1116 2096 conici
1146 2034 1198 2096 tot
1225 2033 1352 2096 restant
1379 2052 1430 2094 ex-

285 2136 518 2219 quisitissimae
542 2137 707 2202 doctrinae
730 2137 897 2221 praeclara
920 2137 1122 2221 testimonia,
1147 2140 1184 2201 nt
1207 2136 1279 2201 aliis
1304 2157 1430 2220 quoque

284 2242 415 2325 optimis
438 2241 585 2307 fontibus
608 2243 701 2307 illum
725 2243 776 2307 cui
799 2244 862 2307 hoc
885 2247 1046 2325 κειμήλιον
1070 2243 1223 2308 debemus
1242 2264 1337 2306 usum
1360 2263 1429 2307 esse

287 2351 410 2412 certum
435 2349 486 2413 sit.

392 2615 422 2679 2.
454 2614 508 2679 Dc
531 2614 714 2680 Vulcanii
737 2615 1004 2682 ‘Onomastico
1027 2638 1161 2683 vocum
1185 2618 1328 2684 latino-

727 2722 977 2808 graecarum'.

373 2879 507 2945 Praeter
528 2881 703 2946 Philoxeni
726 2882 853 2965 glossas
877 2883 1024 2946 omniurn
1053 2885 1214 2968 quotquot
1242 2883 1328 2947 edita
1356 2886 1432 2947 sunt

286 2985 517 3069 glossariorum
541 2991 574 3051 et
597 2985 858 3069 copiosissimum
880 3023 924 3032 —
947 2987 1060 3051 insunt
1083 2988 1279 3053 animator
1303 2989 1431 3073 glossae

287 3129 325 3138 —
361 3096 394 3157 et
425 3096 463 3159 ut
494 3091 623 3157 videtur
657 3114 733 3158 sane
766 3094 927 3178 optimum
960 3097 1011 3158 est
1043 3093 1286 3161 ‘Onomasticon
1317 3116 1431 3160 vocum

285 3199 595 3282 latinograocarum'
622 3223 641 3264 a
667 3199 900 3266 Bonaventnra
927 3200 1087 3292 Vulcania
1113 3201 1156 3264 ad
1184 3201 1305 3265 calcem
1335 3199 1431 3264 ‘'Phe-

286 3307 372 3370 sauri
405 3307 573 3391 utriusqne
609 3305 757 3391 linguae’
795 3307 964 3371 adiectum.
1017 3291 1215 3373 Onomastici
1252 3307 1338 3371 hunc
1374 3307 1431 3371 illc

285 3433 406 3476 novum
424 3414 557 3477 titulum
573 3436 642 3478 esse
657 3413 772 3478 voluit:
797 3411 1044 3478 ‘Onomasticon
1064 3415 1070 3492 Ι
1089 3434 1204 3478 vocum
1222 3412 1431 3497 latino-grae-

181 3555 184 3562 ·
285 3541 409 3602 aarum,
429 3524 434 3599 Ι
454 3519 615 3603 prioribus
637 3521 702 3584 illis
726 3519 894 3605 glossariis
918 3515 1127 3605 praestanltia
1146 3519 1459 3584 selectissimorum'

286 3626 516 3691 vocabulorum
537 3631 542 3705 Ι
561 3627 666 3692 nihilo
689 3611 835 3711 inferius}
857 3631 861 3705 Ι
883 3627 960 3690 olim
984 3627 1113 3710 quidem
1136 3625 1346 3708 Argentorati
1369 3625 1430 3691 An.

249 3731 330 3796 ’Μ.
344 3721 548 3798 ΙΠΧΧἯ.
568 3732 750 3817 editurus&
765 3729 920 3816 Calepino
941 3735 946 3810 Ι
966 3731 1156 3815 praefixum:
1179 3730 1275 3797 Nunc
1293 3753 1369 3797 vero
1389 3732 1430 3795 ab
1527 3785 1533 3792 ,
1599 3747 1600 3756 ’

285 3838 462 3903 innumeris
481 3839 584 3923 iisque
602 3837 800 3905 foedissimis
819 3839 953 3922 mendis,
974 3842 979 3917 Ι
1000 3838 1115 3923 quibus
1139 3839 1297 3922 scatebat,
1319 3861 1431 3923 repur-

286 3948 407 4028 gatum.
428 3944 433 4028 Ι
454 3943 562 4029 Opera
582 3948 587 4024 Ι
606 3944 688 4010 Bon.
711 3945 862 4010 Vulcanii
888 3944 1074 4029 Brugensis.
1096 3949 1100 4024 Ι
1120 3943 1269 4029 Lugduni
1292 3945 1430 4010 Batavo·

285 4072 370 4133 rum,
390 4047 394 4136 Ι
414 4051 465 4115 le
485 4050 624 4116 Officina
642 4050 773 4116 Ioannis
786 4051 885 4116 ‘Parit
907 4051 912 4134 Ι
931 4067 1011 4119 Anno
1026 4068 1070 4120 cb.
1081 4068 1109 4120 b.
1121 4048 1155 4120 (ἶ
1185 4049 1305 4134 Incipit
1323 4052 1431 4116 coll:

286 4157 436 4222 ‘Abactir
460 4155 661 4223 ἀπωεθέντε(
714 4158 913 4223 Abactores:
937 4157 1090 4237 ἐλατῆρες
1144 4153 1329 4222 Abaculris:
1353 4157 1429 4238 ἀβά-

287 4485 291 4496 ·
360 4456 379 4524 ¹)
399 4455 431 4508 In
444 4455 506 4523 ipso
521 4456 614 4510 codice
629 4458 789 4523 ἀεπομπιιοε
803 4456 842 4511 sic
855 4455 948 4525 potius
962 4455 1160 4525 scriptumest:
1180 4456 1222 4509 Α(
1235 4455 1353 4512 ΠΟΜΠΙ
1370 4456 1428 4511 ΙΟΕ.
