3222 5122
649 341 690 350 -
736 302 888 369 ros-'-

201 460 275 526 inde
300 463 340 526 ab
365 486 393 527 3.
419 463 504 528 1602
528 486 566 528 ex
590 463 762 546 Excerptis
786 463 976 528 Pithoeanis
1000 487 1030 547 p.
1055 463 1096 528 78
1120 464 1188 546 peti
1211 466 1348 546 poteret,

198 568 347 653 idemque
379 587 446 635 non
480 571 586 635 solum
619 570 718 636 codex
751 569 807 634 ille
839 569 1018 635 Vossianus
1056 567 1264 654 (quemquem
1300 568 1346 633 ibi

199 676 387 741 tendentibus
414 673 543 763 habes),
574 678 630 742 sed
659 677 758 741 etism
782 676 940 762 scaligeri
963 677 1162 742 oolleotunen
1185 675 1347 758 exhibent,

199 781 246 846 ita
265 784 301 846 ut
318 785 398 848 uersi
416 784 578 868 scriptura
598 785 697 849 errori
716 786 845 848 tantum
859 782 1011 847 Vuloonii
1034 782 1196 847 debeatur.
1228 781 1348 846 Housit

199 889 286 952 enim
301 886 446 974 Scaliger
464 911 482 954 e
501 890 561 953 isli
580 890 754 975 glossario,
779 890 873 972 quale
896 888 998 954 bobes
1021 889 1056 952 in
1076 889 1183 953 oodioe
1198 888 1347 953 Leidensi

200 995 291 1078 blE,
324 996 379 1059 ubi
407 995 429 1061 f.
453 995 542 1061 bl'b
569 995 649 1060 bueo
677 999 818 1070 exstant:
850 997 957 1078 napis:
988 996 1076 1076 foros
1101 995 1190 1060 versit
1218 996 1346 1072 turinib.

200 1100 373 1166 Praeterea
405 1082 566 1187 nusquam
599 1102 739 1186 repperi,
772 1103 800 1166 si
833 1102 996 1184 exceperis
1028 1101 1094 1166 Mai
1118 1102 1166 1167 VI
1193 1126 1224 1186 p.
1243 1101 1346 1166 eoos:

199 1208 319 1290 uulpisz
341 1208 427 1288 sures
448 1214 564 1273 versute
581 1214 728 1288 03000103,
753 1230 834 1293 quoe
854 1209 982 1293 quidem
1002 1210 1158 1274 memoria
1176 1208 1347 1273 ridiculum

202 1315 235 1377 in
259 1314 389 1379 modum
413 1319 565 1398 corrupte
589 1319 646 1379 est.

289 1419 389 1484 Vides
424 1421 491 1485 iam
523 1419 714 1485 scholiastes
751 1421 850 1504 vulpis
881 1422 977 1486 soniis
1013 1421 1244 1505 interpretatos
1278 1442 1347 1485 esse
1445 1455 1447 1468 .

201 1525 297 1590 tnbris
322 1526 410 1606 [nas
433 1546 553 1591 nusum
581 1526 778 1610 tumentibus,
805 1529 842 1590 ut
869 1528 925 1611 qui
952 1527 990 1591 de
1021 1527 1166 1610 addendo
1189 1528 1346 1593 vocabulo

194 1631 325 1714 pedibus
349 1631 574 1716 cogitaverunt
596 1628 802 1717 (Vulcanius,
830 1631 1016 1717 Martinius,
1045 1634 1083 1698 de
1106 1634 1139 1698 13
1163 1631 1278 1699 Cerdo:
1307 1634 1347 1700 of.

201 1729 299 1801 etiarn
324 1737 456 1803 Oehleri
479 1742 512 1803 et
534 1737 750 1803 Hildebrondi
774 1737 1003 1827 coniecturas),
1033 1753 1145 1806 verum
1173 1763 1239 1806 non
1262 1742 1347 1806 vide-

202 1844 276 1909 rint.
324 1842 388 1909 Cur
416 1848 525 1910 sutem
551 1845 854 1928 interpretationem
881 1846 972 1910 illem
999 1847 1232 1933 improbemus,
1264 1848 1347 1912 nihil

202 1971 317 2015 causae
341 1974 411 2017 esse
434 1956 512 2035 puto
523 1950 557 2036 ¹).

244 2056 389 2123 Militis
412 2058 454 2142 ΙΙ,
473 2058 582 2142 2111
603 2054 715 2144 (266):

360 2164 394 2230 si
421 2165 552 2231 invenio
581 2165 635 2249 qui
663 2161 760 2250 vidit,
793 2165 833 2229 ed
862 2189 935 2231 eum
963 2163 1090 2230 vineam
1123 2166 1346 2253 pl'ubebsque

1044 2294 1141 2358 agam

200 2377 252 2441 Ad
270 2377 356 2443 huno
370 2400 499 2444 versum
513 2378 660 2463 glossam
675 2377 941 2443 obscurissimam
957 2378 1101 2460 plutei:
1119 2383 1244 2463 proprii
1262 2379 1347 2468 (eod.

200 2481 366 2550 Leidensis
385 2484 463 2551 blE
488 2485 631 2569 i47vb3
654 2484 772 2550 Isidori
795 2509 825 2569 p.
849 2485 922 2568 691,
939 2486 996 2550 53:
1014 2483 1124 2574 plotei)
1148 2491 1294 2571 spectare
1318 2488 1347 2552 si

122 2603 130 2618 ⁴
201 2592 411 2677 contendem,
433 2593 591 2658 hariolari
615 2591 757 2658 v'idebor.
804 2591 866 2656 Sed
891 2593 919 2657 si
943 2593 990 2656 sio
1014 2614 1085 2656 eom
1110 2593 1317 2675 supplevero:

354 2701 498 2782 pluteis
515 2700 672 2782 proprie
694 2705 792 2765 erntes
814 2700 896 2764 corio
918 2703 1080 2781 eonnetue,
1103 2701 1237 2781 quaein
1260 2721 1347 2784 opere

411 2808 552 2889 faciendo
574 2805 710 2871 hostibus
733 2807 907 2871 obiciuntur

288 2910 347 2965 Mai
365 2911 404 2964 VI
421 2930 448 2981 p.
468 2916 557 2980 5403,
576 2929 591 2966 e
610 2910 705 2966 codiee
723 2910 815 2965 Vatis.
834 2915 917 2978 3321,
936 2912 969 2964 ut
987 2910 1101 2966 eonioio.

130 3039 132 3044 ·
200 3002 370 3086 intelleges
389 3024 456 3068 non
475 3003 544 3067 sine
563 3002 672 3086 eliqua
695 3001 928 3084 probabilitate
952 3023 989 3066 eo
1013 3023 1085 3066 eum
1103 3001 1216 3066 referri
1240 3026 1344 3089 posse,

201 3113 313 3192 utpote
337 3108 376 3173 ad
404 3110 601 3174 translatum
628 3108 787 3173 vocabuli·
805 3109 841 3171 in
865 3130 960 3172 versu
982 3107 1134 3173 Plautino
1158 3131 1252 3174 usum
1275 3131 1345 3193 spe-

123 3245 125 3249 ·
202 3219 351 3281 cientem.

245 3322 390 3402 Militis
414 3322 472 3408 IV,
490 3324 521 3408 4,
535 3324 579 3388 44
598 3322 729 3412 (1180);

359 3415 398 3494 ld
421 3452 578 3495 conexum
600 3431 636 3496 in
657 3437 770 3495 rimero
795 3431 902 3512 laevo,
926 3430 1170 3514 expapilloto
1194 3431 1345 3496 brioohio

200 3537 277 3603 Non
299 3538 348 3602 its
369 3536 525 3621 Palatini,
553 3536 609 3602 sed
636 3537 745 3621 potius
775 3537 954 3619 ensnfitlntn
995 3536 1082 3602 Illud
1105 3538 1305 3621 seripserunt
1328 3561 1345 3602 e

200 3643 297 3709 Festo
325 3644 419 3709 Pauli
446 3667 477 3727 p.
498 3645 555 3729 79,
576 3639 634 3709 10:
661 3642 891 3726 enpnpitluto
919 3642 1089 3709 bractio:
1118 3649 1232 3721 euentu
1265 3644 1347 3726 qnod

276 3891 295 3961 ¹)
315 3891 431 3946 Osberni
449 3911 476 3962 p.
495 3897 570 3946 6273
593 3906 684 3961 nugae
702 3890 826 3960 vulpirer
846 3895 1010 3959 retorquere,
1032 3890 1104 3944 sient
1124 3890 1272 3945 Petronius
1291 3891 1345 3944 nit.-

202 3982 305 4035 obtorto
327 3982 449 4051 nntpitur
469 3981 574 4036 tubello.
601 3982 666 4034 bine
690 3981 772 4034 etium
795 3980 911 4034 dicimus
934 3980 1028 4049 sulpio
1052 3982 1079 4034 ·i·
1097 3980 1233 4035 lobiornm
1256 3979 1345 4034 obtor-

201 4071 302 4138 siones,
326 4071 398 4123 sieut
419 4070 537 4136 sueinus
560 4086 621 4122 eun
644 4068 761 4150 atipuen
784 4069 936 4123 deridemus
961 4085 976 4122 e
1000 4067 1142 4138 Fulgentii
1164 4066 1345 4137 Expositione

202 4176 359 4214 sennonum
373 4159 552 4227 antiquorum
565 4177 593 4228 p.
610 4164 669 4227 565,
681 4165 714 4214 16
733 4157 883 4226 fluxerrmt,
904 4157 952 4212 ubi
970 4156 1039 4211 baee
1057 4157 1157 4212 hebes:
1176 4157 1346 4225 0010100030

201 4255 266 4303 sunt
283 4249 442 4303 tabettuunn
460 4248 624 4302 obtortiones
642 4248 674 4301 in
691 4247 869 4314 supinatione
886 4247 985 4312 foetae.
1007 4247 1078 4300 sieut
1099 4250 1123 4298 et
1138 4244 1286 4299 Petronius
1305 4247 1346 4300 ait

203 4337 319 4392 ‘obtorto
341 4338 456 4407 valgiter
479 4336 597 4393 tabetlo'.
634 4335 673 4392 Of.
692 4335 816 4390 Petronii
841 4334 923 4405 frgm.
942 4335 967 4387 X
990 4335 1066 4405 apud
1083 4333 1283 4388 Buechelerum
1302 4335 1344 4391 ed.

203 4428 267 4481 mai.
286 4445 312 4497 p.
328 4433 388 4482 eoo.
