3216 5126
674 346 916 410 -108-

158 549 160 553 -
225 504 412 568 coniecturae
433 505 626 569 coniectorem
649 506 810 589 coniectum
834 507 1053 571 caetribnbbos
1070 507 1233 571 caetriboli
1250 507 1371 589 ooyooti

225 612 398 676 consobrini
420 613 655 678 contaminabis.
692 611 864 677 Praeterea
887 613 968 677 illud
992 635 1117 697 quoque
1142 613 1250 697 aliquo
1273 613 1369 678 modo

225 716 267 780 ad
290 717 435 781 ordinem
459 721 598 810 spectat,
628 719 714 803 quod
743 720 977 803 exquisitarum
1005 721 1188 805 glossarum
1220 719 1317 784 series
1350 743 1370 784 a

223 823 434 910 trivialiuml)
467 825 650 909 glossarum
682 829 835 893 contextu
866 848 931 892 non
963 849 1037 891 raro
1067 826 1192 911 seiungi
1223 828 1368 910 possunt.

224 929 402 998 Volutet:

544 1025 743 1109 adlegurrit:
767 1026 919 1109 degustat

509 1178 512 1191 .
543 1132 738 1196 adnectens:
762 1131 884 1194 donans

543 1237 784 1323 asperediscus:
808 1236 942 1302 uncinus

543 1347 727 1410 aesculum:
752 1366 852 1430 genus
877 1344 1003 1408 arboris

545 1455 664 1516 annet:
687 1451 792 1536 fulget

543 1562 636 1624 acet:
661 1563 774 1624 curuat

544 1667 756 1750 abreptabat:
780 1667 828 1731 ire
851 1667 1027 1750 incipiebat

544 1774 679 1838 asseda:
704 1774 785 1837 sella
808 1773 1007 1858 quadriiugis

224 1895 491 1963 Contaminatum
519 1919 589 1962 esse
616 1898 679 1963 hoc
706 1897 901 1984 glossarium
924 1920 941 1961 e
965 1879 1089 1963 duobis
1111 1897 1258 1962 fontibus
1281 1898 1367 1981 prin-

223 2003 380 2087 cipalibus
413 2005 499 2070 inde
521 2009 656 2090 apparet
684 2006 769 2090 quod
798 2006 926 2070 easdem
954 2005 1080 2090 glossas
1108 2003 1368 2089 frequentissime

222 2111 273 2176 bis
297 2112 438 2176 insertas
462 2113 572 2178 habes.
617 2113 690 2178 Huc
714 2113 814 2177 etiam
836 2113 916 2176 illud
940 2112 1120 2176 rettulerim
1145 2111 1230 2195 quod
1256 2133 1368 2176 eorun-

222 2218 295 2283 dem
330 2219 520 2284 lemmatum
556 2218 634 2283 bina
670 2219 962 2301 interpretamenta
994 2217 1189 2303 aliquotiens
1222 2220 1367 2303 exstant3

125 2389 129 2396 ,
221 2326 310 2390 velut
333 2327 368 2390 in
390 2325 549 2390 Bernensi
568 2322 683 2411 2243:

479 2433 665 2497 lacunaria:
689 2433 811 2496 auratis
835 2454 981 2496 camarae

426 2541 453 2604 it
480 2540 666 2604 lacunaria:
690 2539 866 2624 pendentia
888 2539 1062 2605 luminaria

391 2628 396 2639 ¹
480 2647 664 2730 laquearia:
689 2650 804 2711 catena
828 2669 924 2711 aurea
948 2652 1004 2711 aut
1027 2670 1147 2713 corona

426 2744 457 2818 it
477 2753 664 2838 laquearia:
689 2757 881 2818 ornamenta
902 2755 1062 2818 tectorum

222 2862 345 2926 Eodem
381 2861 522 2926 fortasse
555 2864 679 2944 spectat
698 2861 898 2944 ‚adnotatim
935 2882 1033 2943 quam
1070 2883 1108 2924 ex
1144 2861 1207 2925 hoc
1243 2862 1366 2946 glossa·

221 2969 270 3033 rio
295 2991 393 3052 supra
415 2991 446 3052 p.
468 2969 509 3032 10
533 2969 691 3033 eruimus:
716 2967 781 3032 ‘hic
802 2967 904 3032 habet
926 2967 1033 3032 minus
1057 2968 1141 3033 inter
1163 2967 1184 3031 le
1203 2969 1266 3031 eti
1288 2968 1369 3032 folia

222 3078 389 3159 quattuor,
416 3095 497 3158 quae
525 3075 634 3138 excisa
660 3074 791 3138 fuerunt
819 3074 857 3138 de
886 3072 1083 3157 exemplari,
1114 3073 1142 3138 si
1169 3073 1250 3138 haec
1269 3074 1369 3138 verba

221 3183 260 3246 de
288 3181 413 3245 duobus
437 3180 673 3264 exemplaribus
697 3180 914 3265 intellegenda
939 3184 1026 3263 sunt,
1050 3202 1187 3264 quorum
1209 3180 1245 3244 in
1263 3179 1368 3245 altero

222 3291 377 3371 quattuor
405 3286 484 3352 folia
511 3287 741 3353 interciderint.
787 3285 850 3352 Sed
881 3310 948 3352 non
979 3287 1077 3352 nimis
1110 3287 1221 3371 plana,
1253 3287 1369 3372 fateor,

222 3416 334 3458 eorum
371 3393 533 3457 sententia
570 3397 626 3458 est.
676 3393 787 3459 Inesse
820 3395 947 3479 glossas
981 3415 1063 3478 quae
1096 3394 1260 3458 derivatae
1293 3397 1369 3459 sunt

222 3523 239 3564 e
272 3499 432 3584 glossario
467 3497 536 3562 sine
569 3500 636 3563 ullo
671 3500 783 3565 ordine
814 3504 969 3585 congesto
1003 3501 1096 3565 docet
1126 3499 1179 3564 vel
1211 3523 1276 3564 una
1310 3500 1367 3565 illa

221 3612 334 3672 cotos:
358 3607 486 3670 claudus
511 3627 587 3671 cono
611 3613 841 3685 consentaneus,
870 3606 927 3670 ubi
955 3607 1081 3691 glossae
1105 3611 1215 3671 cumn:
1239 3608 1368 3672 claudus

221 3735 242 3777 a
264 3733 340 3777 cono
367 3712 515 3778 adhaesit
538 3714 607 3778 eius
636 3736 718 3799 quae
747 3715 941 3798 sequebatur
968 3714 1101 3777 lemma:
1129 3719 1366 3779 consentaneus:

222 3819 399 3900 [intercidit
421 3820 612 3904 interpret}
659 3819 816 3884 ‘Affatim'
839 3819 969 3904 glossae
992 3841 1070 3882 num
1093 3818 1239 3905 integrae
1262 3821 1296 3884 in
1320 3820 1367 3884 ‘li-

220 3927 315 3990 brum
342 3926 538 4011 glossarum'
571 3930 718 4012 receptae
752 3927 829 4011 sint,
862 3927 989 3991 dubito:
1022 3929 1161 4010 possunt
1189 3950 1265 3992 sane
1291 3932 1368 4012 post

221 4057 303 4099 saec.
326 4034 484 4117 VlllVIII
516 4036 669 4100 collectae
702 4056 772 4098 esse
805 4057 822 4098 e
854 4033 979 4098 duobus
1012 4034 1192 4118 glossariis,
1230 4056 1365 4118 quorum

295 4211 313 4278 ¹)
333 4210 436 4264 Multas
454 4209 484 4264 in
503 4209 542 4264 eis
560 4209 646 4264 habes
664 4208 849 4278 Vergilianas.
877 4206 971 4262 Etiam
991 4207 1026 4261 ad
1046 4207 1141 4263 Ovidii
1159 4207 1365 4280 Metamorpho-

219 4317 262 4354 ses
281 4317 336 4354 non
355 4299 449 4353 nullae
468 4300 605 4369 spectant.

293 4389 314 4455 ²)
334 4389 467 4443 Bernensi
489 4389 565 4457 utor,
590 4387 665 4457 quod
688 4388 717 4442 in
738 4387 864 4443 Leidensi
883 4388 998 4442 notulae
1016 4388 1083 4442 illae
1102 4375 1128 4444 n*
1149 4413 1183 4434 =-
1201 4389 1265 4443 item
1283 4388 1365 4444 omis·

219 4496 266 4534 sae
285 4479 357 4534 sunt.
