3216 5126
647 382 691 392 —
738 343 802 409 105
847 370 903 390 -‘

198 507 276 570 oltor
295 506 445 570 domoon
462 505 570 570 solvito
589 527 684 590 quae,
708 505 736 569 si
754 505 830 589 ulla,
849 504 983 589 propria
1000 508 1049 569 est
1067 504 1162 569 huius
1183 504 1345 589 glossarii,

199 617 231 676 et
265 615 428 678 admisso:
461 613 529 677 ouis
555 604 661 676 'iodim
688 617 779 696 nolu,
809 612 866 677 ubi
899 612 1062 677 lemmatis
1095 612 1279 696 corruptela
1311 613 1345 676 in

197 719 358 784 Vossiano
383 722 416 783 et
438 719 473 782 in
496 717 657 802 glossario
682 717 865 783 Salomonis
890 719 1001 784 eadem
1024 720 1082 783 est.
1091 715 1116 804 1)

286 825 361 890 Vll.
382 824 536 889 Difficilis
559 824 626 888 iam
650 825 797 908 quaestio
822 826 946 910 existit,
970 826 1056 890 inter
1079 824 1204 904 offatim
1222 828 1255 888 et
1274 825 1346 889 obo-

197 953 253 996 ous
285 932 463 1017 glossaria,
496 932 640 996 omnium
672 934 709 994 ut
741 932 891 997 videntur
921 932 1183 1017 frequentissime
1216 933 1345 1016 tradita,

197 1039 417 1103 intercedatne
442 1037 551 1122 aliqua
573 1039 793 1104 necessitudo:
818 1063 882 1124 qua
905 1040 943 1103 de
967 1061 1001 1103 re
1024 1039 1104 1104 haec
1127 1039 1264 1123 repperi.

290 1143 322 1232 1)
356 1144 545 1210 Glossarum
573 1146 611 1209 de
640 1146 736 1210 trivio
767 1147 946 1230 petitarum
977 1146 1085 1230 aliqua
1112 1167 1189 1229 pars
1217 1144 1345 1229 utrique
1442 1157 1447 1168 ·

200 1253 359 1340 glossario
384 1253 564 1317 communis
590 1257 648 1317 est.

289 1359 323 1446 2)
342 1359 604 1425 Memorabilium
620 1359 770 1424 ‘affatim'
789 1361 940 1444 glossarii
957 1383 1151 1444 quamquam
1165 1383 1346 1444 perpaucae

201 1467 299 1530 etiam
325 1466 361 1529 in
387 1465 533 1531 ‘abavus'
559 1466 676 1551 glossis
704 1470 905 1551 comparent,
931 1471 1041 1532 tamen
1064 1467 1231 1551 praeclara
1256 1468 1346 1532 illius

201 1575 405 1658 antiquarum
434 1576 466 1636 et
490 1595 528 1637 cx
551 1573 637 1638 bono
661 1574 751 1638 fonte
774 1573 966 1638 haustarum
990 1574 1173 1658 glossarum
1195 1575 1289 1658 copia
1312 1575 1344 1638 in

199 1680 261 1744 hoc
285 1680 388 1763 deest,
419 1680 504 1763 quod
526 1700 592 1743 non
620 1684 709 1744 earet
731 1680 873 1764 propriis
903 1681 969 1744 suis
998 1681 1132 1765 glossis,
1154 1681 1242 1746 haud
1272 1703 1345 1745 raro

201 1785 334 1851 alterius
362 1785 513 1870 glossarii
537 1785 670 1849 minime
693 1785 936 1870 postponendis
970 1785 1024 1851 sio
1046 1787 1082 1851 F
1096 1789 1226 1852 litterae
1250 1787 1346 1874 (quae

200 1892 235 1956 in
259 1891 407 1956 ‘affatim’
431 1893 591 1978 glossario
611 1893 685 1976 302,
708 1893 742 1956 in
765 1893 1043 1958 Hildebrandiano
1068 1898 1177 1959 autem
1192 1896 1255 1960 301
1280 1894 1347 1958 fere

201 2000 327 2084 glossas
349 1997 506 2085 continet)
531 2001 767 2086 quinquaginta
789 2000 856 2064 fere
880 2001 1051 2085 utrobique
1076 2005 1204 2067 exstant
1226 2002 1288 2084 ita,
1311 2005 1348 2064 ut

202 2106 279 2191 quin
301 2128 434 2189 prorsus
460 2109 591 2172 eaedem
615 2109 680 2172 sint
704 2108 846 2173 dubitari
870 2112 1019 2193 nequeat.
1061 2109 1132 2185 Qua
1156 2109 1194 2173 dc
1217 2131 1252 2172 re
1275 2108 1347 2173 vide

202 2213 246 2278 sis
269 2213 352 2296 ipse:

362 2335 505 2390 Leidensis
525 2337 600 2392 67F:
878 2337 1063 2394 Hildebrandi
1081 2337 1257 2409 glossarium:

202 2443 220 2496 f.
236 2443 324 2497 25¹d:
343 2443 450 2497 Fatus:
469 2444 578 2498 locutus
789 2465 815 2515 p.
833 2453 891 2516 140,
901 2452 947 2501 78:
966 2446 1072 2501 Fatusr
1100 2447 1208 2501 loeutus
1241 2445 1348 2514 (loquu-

1001 2538 1047 2589 tus
1067 2536 1105 2605 P)

344 2620 451 2675 Faturt
470 2620 595 2689 loquitur
789 2642 816 2692 p.
832 2630 892 2690 140,
902 2631 947 2679 77:
967 2624 1073 2678 Faturt
1091 2623 1215 2692 loquitur

203 2710 221 2763 f.
237 2715 325 2764 wa:
345 2709 474 2763 Falleraz
485 2711 649 2764 ornamenta
659 2729 760 2778 aequo·
789 2730 815 2780 p.
833 2718 892 2780 138,
900 2719 948 2766 39:
966 2711 1098 2766 Falleraz
1120 2714 1284 2766 ornamenta
1303 2729 1347 2767 ae-

379 2816 441 2850 rum
1002 2801 1148 2871 quoruml)

344 2886 495 2942 Falentes:
514 2888 708 2945 multitudines
789 2909 816 2960 p.
833 2896 892 2956 138,
902 2898 948 2944 33:
967 2890 1123 2959 Falangasr
1143 2889 1337 2945 multitudines

203 2978 221 3031 f.
237 2982 324 3030 25Vo:
343 2976 511 3030 Fanatious=
526 2977 626 3047 templi
636 2979 762 3034 minister
789 2997 816 3048 p.
833 2985 948 3047 138,52:
967 2979 1132 3034 Panaticusr
1147 2978 1349 3048 quiintemplo

1002 3066 1113 3122 divinat
1140 3067 1348 3136 vel,templi

1002 3156 1160 3211 minister
1372 3223 1373 3226 Ἴ

203 3244 222 3298 f.
237 3251 324 3300 26¹a:
344 3242 453 3297 Fabrer
473 3243 568 3313 docte,
587 3244 749 3316 ingeniosae
789 3263 815 3314 p.
833 3251 930 3315 leae:
966 3245 1072 3300 Fabree
1083 3247 1173 3315 docte,
1185 3245 1348 3315 ingeniosae

1003 3335 1157 3406 (ingeniose
1177 3336 1214 3408 P)

203 3423 223 3478 f.
237 3421 324 3476 26¹b:
344 3421 450 3476 Fallite
484 3422 626 3492 decoepit,
659 3425 763 3479 circum
789 3442 816 3492 p.
834 3429 892 3493 138,
900 3429 948 3478 45:
967 3422 1074 3478 Fallitr
1093 3424 1217 3494 decepit,
1233 3423 1349 3479 circum·

380 3511 459 3565 uenit
1002 3513 1089 3581 venit,
1104 3512 1234 3582 delectat,
1245 3513 1350 3583 obripit

278 3639 297 3706 ¹)
316 3637 456 3691 Accurata
474 3636 609 3690 rariorum
627 3637 708 3691 huius
727 3637 879 3692 memoriae
898 3638 1054 3707 glossarum
1077 3655 1142 3691 cum
1163 3639 1252 3694 lexico
1273 3638 1349 3692 Salo-

204 3726 295 3782 monis
318 3725 490 3795 comparatio
517 3725 628 3779 easdem
651 3726 798 3795 utrobique
823 3727 933 3780 exstare
952 3725 1060 3792 docuit,
1082 3725 1112 3780 id
1131 3726 1207 3794 quod
1224 3724 1350 3794 pluribus

205 3817 395 3871 demonstrare
415 3814 531 3884 longum
550 3816 600 3868 est.
634 3813 673 3867 Of.
693 3814 772 3868 velut
790 3814 808 3867 f.
826 3820 917 3868 137²a
935 3815 1139 3869 museloariuse
1159 3815 1268 3868 inutilis
1287 3831 1350 3867 cum

204 3903 336 3960 Vossiani
358 3903 419 3958 Fol.
438 3908 472 3956 82
496 3903 602 3972 glossa:
626 3905 830 3958 mosoloorlost
849 3905 959 3958 inutilis
982 3906 1129 3972 ἄχρηετοε,
1153 3920 1239 3972 quam
1263 3902 1349 3956 etiam

204 4013 233 4066 in
254 4011 375 4065 ‘Isidori’
396 4010 495 4079 glossis
518 4009 616 4064 habes:
641 3991 847 4066 madriacense
870 4011 996 4076 mutilus,
1016 4012 1158 4078 ἄχρηετοε.
1185 4008 1231 4062 Sic
1248 4026 1349 4078 nempe

206 4099 343 4170 Scaligeri
366 4099 500 4169 epitome,
523 4099 597 4153 unde
619 4101 700 4168 patet
723 4117 786 4154 eum
808 4101 1015 4155 muroioarlosr
1038 4100 1151 4153 mutilos
1173 4097 1350 4153 scribendum

204 4191 331 4259 putasse:
355 4187 500 4258 ingeniose
519 4189 616 4258 procul
635 4189 733 4259 dubio,
758 4207 821 4243 cum
843 4207 953 4245 mancos
972 4189 1110 4244 diceretur
1130 4187 1191 4256 ‘qui
1209 4204 1239 4242 se
1256 4185 1350 4256 ipsum

205 4278 317 4332 truncat
334 4277 481 4332 evitandae
500 4277 618 4332 militiae
638 4279 743 4334 causa’.

1222 4361 1234 4398 ⁹

279 4403 299 4465 2)
318 4404 438 4470 fullero:
457 4408 618 4458 doomonte
636 4420 764 4472 equorum
781 4409 801 4458 ot
819 4404 931 4470 soboles
949 4402 1106 4469 Parisinus;
1131 4402 1249 4470 faleor:
1269 4417 1350 4456 orno-

205 4497 296 4549 meuto
314 4508 460 4563 aequorum
478 4491 630 4550 Leidensis.
772 4483 780 4494 '
