3232 5122
716 1017 871 1092 CAPUT
898 1019 943 1095 ΙΙ.

493 1186 543 1240 De
566 1185 688 1254 glossis
709 1185 878 1242 Plautinis
899 1185 1163 1256 Lucilianisque.

795 1357 815 1436 ᾖ
841 1356 869 1418 1.

650 1479 694 1532 Be
713 1476 826 1544 glossis
844 1476 1009 1531 Plautinis.

348 1619 387 1685 In
401 1620 523 1686 Placidi
538 1621 696 1706 glossario
712 1621 830 1686 multas
848 1622 954 1686 inesse
973 1623 1098 1706 glossas
1118 1621 1158 1696 ad
1177 1626 1282 1686 certos
1296 1609 1405 1685 Plauti
1450 1627 1458 1642 '

260 1747 371 1790 versus
396 1731 578 1811 spectantes
599 1728 783 1813 Ritschelii,
805 1727 938 1811 Koehii‚
961 1728 1098 1793 aliorum
1123 1727 1405 1792 observationibus
1438 1805 1439 1808 Ἴ

261 1837 397 1899 constat.
438 1835 485 1899 At
508 1835 542 1898 in
569 1835 703 1919 reliquis
732 1856 857 1919 quoque
889 1856 1122 1918 anonymorum
1146 1833 1314 1930 glossariis
1338 1837 1405 1896 tam

261 1941 410 2025 egregiae
433 1941 599 2006 doctrinae
623 1942 762 2026 vestigia
781 1941 1057 2025 deprehendimus.
1095 1941 1183 2018 Quae
1208 1939 1405 2005 scholiorum

128 2093 145 2116 .
261 2045 484 2120 Plautinorum
508 2048 664 2132 reliquiae
684 2069 809 2112 summo
828 2048 940 2113 labore
959 2086 1000 2096 -
1022 2048 1188 2132 operosius
1208 2048 1294 2112 enim
1308 2067 1406 2131 nego-

260 2153 342 2216 tium
361 2155 501 2237 cogitari
520 2156 574 2220 vix
592 2153 702 2239 potest
718 2192 760 2202 —
781 2155 923 2240 undique
947 2157 1101 2221 collectae
1109 2152 1134 2240 1)
1157 2155 1226 2238 ipse
1249 2154 1406 2218 iudicabis

259 2281 336 2322 num
360 2260 496 2326 alicuius
516 2263 583 2326 sint
603 2262 643 2326 ad
669 2262 887 2328 emendandos
907 2262 1142 2328 enarrandosve
1162 2265 1278 2345 poetae
1295 2282 1406 2326 versus

263 2389 347 2431 usus.
375 2367 545 2434 Sciendum
564 2372 614 2433 est
633 2374 739 2434 autem
759 2393 825 2435 non
844 2369 953 2435 omnia
966 2391 1026 2433 nos
1041 2368 1117 2433 dare
1132 2389 1213 2453 quae
1227 2368 1407 2452 repperisse

263 2473 357 2538 nobis
372 2474 533 2540 videmur:
556 2476 828 2543 bibliothecarum
843 2477 1005 2541 thesauris
1025 2475 1261 2560 glossematicis
1276 2474 1407 2540 tandem

263 2580 434 2663 aliquando
454 2582 580 2646 effossis
598 2584 700 2648 multo
719 2585 815 2667 plura
834 2584 931 2648 etiam
954 2582 1144 2666 indagatum
1167 2582 1207 2646 iri
1230 2604 1408 2667 speramus.

350 2686 608 2754 Praemittendas
632 2691 712 2754 duco
736 2711 791 2753 eas
820 2690 959 2773 glossas,
988 2688 1044 2752 ubi
1072 2688 1144 2771 ipsa
1172 2687 1281 2763 Plauti
1308 2689 1408 2753 verba

262 2793 452 2857 excitantur.
498 2795 568 2872 Quo
606 2797 640 2860 in
659 2785 809 2861 numero
846 2796 968 2862 frustra
1005 2794 1202 2878 quaesiveris
1239 2793 1407 2878 ingentem

236 2922 374 2974 ,eorum
401 2902 545 2967 locorum
570 2903 710 2987 copiam,
739 2903 855 2986 quibus
879 2901 1042 2967 Osbemus
1071 2901 1105 2964 in
1127 2901 1302 2966 Panormia
1330 2924 1406 2966 usus

263 3012 320 3072 est.
352 3005 445 3072 Nihil
464 3009 548 3072 enim
568 3010 692 3088 valent,
716 3031 788 3074 cum
811 3009 861 3074 vir
883 3009 939 3072 ille
958 3031 1017 3092 pro
1042 3007 1145 3090 ipsius
1169 3008 1286 3085 aetatis
1310 3008 1407 3073 ratio·

261 3114 357 3178 nibus
390 3115 469 3198 satis
502 3115 616 3181 doctus
650 3138 666 3180 e
698 3116 797 3181 nullis
830 3116 894 3180 nisi
929 3115 1092 3198 prioribus
1127 3119 1200 3180 coto
1234 3115 1407 3181 comoediis

262 3220 416 3286 hauserit.
468 3221 553 3288 Nam
591 3244 679 3314 quae¹
705 3244 722 3285 e
754 3221 912 3307 Poenulo,
949 3218 1145 3306 Rudente2),
1181 3220 1286 3287 Milite
1318 3221 1408 3308 (hinc

338 3413 358 3483 ¹)
380 3413 403 3467 Ε
423 3413 537 3468 Placido
556 3414 626 3468 nihil
645 3415 703 3470 fere
721 3415 885 3485 petivimus,
908 3417 1006 3484 utpote
1030 3413 1108 3468 cuius
1131 3414 1241 3484 glossae
1259 3415 1408 3470 Plautinae

265 3503 416 3557 maximam
434 3506 545 3572 partem
563 3502 620 3557 iam
637 3503 834 3572 investigatae
843 3502 908 3558 sint.

336 3591 356 3661 ²)
378 3599 402 3648 1.
421 3591 563 3646 Plautus
576 3564 610 3645 id
625 3591 776 3646 Poenulo
790 3609 818 3661 p.
830 3599 859 3646 6:
876 3591 941 3645 ‘Vix
951 3607 1089 3662 aegreque
1100 3592 1298 3647 amatorculos'
1311 3592 1331 3663 I,
1340 3599 1407 3663 227

425 3714 456 3722 -
476 3682 555 3737 fiuxit
574 3698 670 3758 versus
687 3699 720 3736 ex
737 3681 879 3736 Prisciano
898 3681 945 3749 ΙΙΙ,
962 3687 996 3736 29
1017 3681 1211 3752 (p.1os‚8H.)

380 3778 405 3826 2.
423 3790 451 3842 p.
467 3779 495 3827 6:
516 3771 607 3826 ‘Nihil
624 3770 737 3825 homine
756 3769 846 3825 amico
865 3771 1022 3840 opportuno
1040 3769 1195 3824 amioioius'
1216 3801 1247 3808 -
1266 3787 1322 3824 non
1341 3770 1407 3824 Poe·

424 3860 484 3914 nuli
503 3877 597 3915 versus
616 3861 671 3928 est,
691 3859 739 3913 sed
757 3857 867 3927 Epidici
885 3859 932 3927 Ill,
952 3865 976 3927 3,
984 3864 1034 3912 ⁴44.

380 3957 405 4004 3.
425 3967 452 4018 p.
468 3955 514 4003 10:
536 3946 617 4001 ‘Cum
636 3947 676 4001 ibi
695 3947 792 4002 alcedo
811 3947 903 4016 pullos
923 3947 1017 4003 educit
1034 3947 1108 4002 suos'
1130 3947 1150 4016 I,
1166 3953 1191 4016 2,
1203 3953 1253 4000 143
1269 3977 1301 3986 -
1318 3945 1407 4017 praei·

374 4045 376 4050 ’
423 4038 465 4093 vit
483 4036 616 4092 Priscian.
634 4035 682 4103 Vl,
701 4043 734 4090 14
753 4039 825 4108 (206,
839 4041 875 4108 4).
960 4067 962 4072 ·

380 4133 404 4182 4.
424 4144 451 4195 p.
467 4131 500 4179 13
516 4127 605 4179 et19:
627 4123 774 4179 ‘Incedunt
792 4143 856 4180 oum
875 4125 995 4180 anulatis
1012 4125 1136 4179 auribus'
1157 4125 1191 4195 V,
1206 4128 1231 4195 2,
1246 4131 1278 4179 21
1295 4156 1327 4164 -
1349 4143 1407 4182 ver-¹

424 4233 471 4269 sus
490 4231 523 4268 ex
542 4199 674 4268 Prisdan.
694 4212 754 4283 IIII,
774 4220 808 4268 38
828 4215 900 4284 (139,
915 4218 942 4283 8)
961 4213 1074 4283 petitus.

355 4295 357 4300 ’
381 4310 405 4358 5.
425 4321 452 4372 p.
467 4307 533 4356 304:
555 4299 597 4354 ‘Si
611 4300 725 4371 dedero,
745 4317 808 4356 aare
828 4300 945 4355 militari
961 4300 1081 4370 tetigero
1099 4300 1289 4355 lenunculum’
1307 4302 1340 4371 V,
1356 4307 1407 4371 5st

426 4423 457 4431 -
478 4389 597 4460 sumpsit
616 4406 649 4443 ex
667 4389 798 4445 Priscian.
818 4390 866 4460 ΙΙΙ,
881 4396 915 4444 34
935 4392 1006 4460 (109,
1022 4393 1056 4458 7).
1211 4377 1216 4384 ’
