3232 5122
691 288 931 351 -247-

329 447 377 512 Ex
411 448 511 531 Papia
544 451 576 512 et
607 448 772 533 Ugutione
804 447 997 512 lohannes
1030 446 1154 512 Balbus
1192 448 1235 512 de
1266 447 1384 513 Ianua

166 609 170 617 .
239 551 394 636 (Genua),
423 554 544 618 ordinis
568 554 706 618 fratrum
729 555 1005 638 praedicatorum,
1033 551 1212 619 ‘Summam
1236 575 1291 618 seu
1316 553 1383 620 Ca·

143 643 147 652 ¹
238 658 431 728 tholicon'
456 661 673 744 concinnavit,
699 660 750 725 ‘ex
773 660 885 732 multis
909 664 942 725 et
964 661 1100 726 diversis
1125 661 1293 727 doctorum
1316 665 1384 725 tex-

238 765 320 830 turis
354 767 556 831 elaboratum
589 770 684 851 atque
717 770 904 832 contextum
937 771 969 831 et
1000 790 1059 851 per
1090 768 1194 832 multa
1227 790 1384 832 annorum

240 871 398 937 curricula
421 870 453 934 in
478 871 651 937 millesimo
682 872 900 938 ducentesimo
928 874 1150 958 octuagesimo
1178 879 1268 958 sento
1298 897 1382 938 auno

239 975 360 1042 domini
374 976 468 1042 nonis
487 978 598 1042 martii
618 978 658 1043 ad
677 981 775 1043 finem
795 1001 896 1064 usque
915 979 1116 1064 perductum'
1124 979 1158 1067 ¹).
1189 982 1239 1046 De
1252 981 1384 1046 nomine

237 1085 313 1148 libri
342 1085 480 1168 scriptor
507 1085 586 1150 haec
614 1085 706 1150 dicit:
746 1085 764 1149 ἵ
780 1135 809 1150 ..
832 1086 915 1150 liber
942 1086 1003 1150 iste
1031 1093 1164 1152 vocetur
1191 1088 1384 1170 catholicon,

236 1212 274 1254 eo
298 1191 383 1274 quod
407 1190 451 1254 111
475 1192 654 1256 communis
678 1195 710 1256 11
734 1192 927 1272 universalis
951 1243 957 1257 .
978 1243 984 1257 .
1005 1243 1012 1257 .
1035 1193 1089 1258 hic
1112 1195 1150 1258 de
1172 1194 1268 1286 ¹facili
1296 1193 1383 1258 inve·

235 1296 336 1380 nitur,
360 1295 443 1361 unde
467 1299 625 1365 dictiones
649 1299 830 1364 formentur
849 1304 882 1365 et
900 1301 1098 1384 deriventur,
1122 1299 1282 1385 quomodo
1307 1300 1383 1364 scri·

236 1402 353 1468 bantur
377 1408 409 1468 et
431 1404 652 1490 proferantur,
676 1405 815 1490 qualiter
835 1408 1037 1489 exponantur
1061 1408 1094 1469 11
1117 1406 1383 1490 ethimologizen-

236 1511 352 1572 tur-et
369 1514 605 1578 construantur.
650 1510 799 1576 Invenies
829 1512 928 1576 ctiam
954 1504 1012 1578 hio
1035 1513 1154 1580 multas
1182 1511 1280 1576 utiles
1309 1535 1383 1597 que·

236 1615 357 1680 stiones
380 1617 548 1682 naturales
577 1617 779 1702 theologicas
803 1621 909 1683 motas
934 1622 967 1682 et
990 1617 1190 1683 declaratas'.
1236 1618 1382 1702 Quinque

236 1725 312 1785 sunt
334 1721 409 1786 libri
428 1727 552 1807 partes,
576 1747 712 1807 quarum
732 1728 884 1808 quattuor
902 1724 1064 1808 prioribus
1085 1724 1291 1790 continentur
1310 1750 1382 1811 pro-

238 1827 375 1912 so'diaca,
391 1829 653 1914 orthographica,
673 1830 898 1915 etymologica,
918 1831 1140 1917 grammatica,
1158 1831 1330 1916 rhetorica,
1349 1834 1382 1899 id

235 1955 336 2020 genus
362 1935 495 2001 similia:
521 1938 667 2022 quintam
691 1937 852 2002 lohannes
877 1937 927 2002 ‘de
951 1937 1196 2022 orthographia,
1219 1941 1382 2025 prosodia,

235 2041 359 2126 origine
384 2047 419 2106 et
441 2042 677 2126 significatione
701 2043 901 2127 quarundam
924 2042 1114 2128 dictionum,
1145 2066 1206 2130 que
1235 2067 1309 2129 sepe
1334 2046 1381 2110 in-

234 2147 408 2211 veniuntur
432 2149 465 2211 in
489 2149 590 2213 biblia
618 2153 651 2214 et
678 2150 772 2214 dictis
802 2153 987 2214 sanctorum
1013 2155 1045 2214 et
1073 2151 1173 2216 etiam
1201 2156 1381 2237 poetarum,

236 2255 410 2318 secuudum
444 2256 587 2319 ordinem
621 2256 788 2340 alphabeti
822 2257 969 2321 ordinate
1000 2257 1187 2322 subiunxit'.
1231 2259 1281 2323 De
1310 2258 1380 2322 fon·

234 2360 322 2425 tibus
349 2366 477 2426 narrat:
513 2359 755 2426 ‘libellum
783 2361 869 2426 hunc
902 2361 942 2425 ad
975 2362 1132 2428 bonorem
1163 2363 1214 2428 dei
1247 2367 1280 2428 et
1312 2364 1388 2449 glo-¹

233 2469 338 2532 riosae
375 2468 511 2553 virginis
550 2460 649 2532 marie
687 2472 720 2532 et
755 2468 844 2533 beati
882 2467 1034 2533 dominici
1071 2471 1174 2554 patris
1211 2470 1316 2536 nostri
1349 2476 1381 2536 11

234 2575 378 2639 omnium
402 2575 587 2639 sanctorum
612 2575 789 2639 electorum
811 2597 937 2639 necnon
960 2575 1000 2640 td
1023 2577 1200 2642 utilitatem
1219 2596 1325 2642 meam
1349 2582 1382 2642 et

235 2681 369 2746 ecclesie
393 2683 504 2746 sancte
523 2680 576 2744 dei
595 2703 634 2744 ex
653 2681 790 2746 diversis
810 2681 969 2746 maiorum
990 2691 1142 2748 meorum
1159 2683 1253 2748 dictis
1276 2684 1380 2749 multo

234 2787 345 2852 labore
369 2791 402 2851 11
425 2787 576 2872 diligenti
601 2787 708 2853 studio
732 2787 915 2870 compilavi.
948 2787 1063 2871 Operis
1088 2789 1207 2874 quippe
1226 2811 1263 2853 ao
1282 2790 1380 2854 studii

235 2895 297 2958 mei
321 2898 371 2960 est
395 2898 427 2958 et
449 2892 512 2958 fuit
534 2895 655 2958 multos
679 2895 780 2959 libros
805 2893 926 2978 legere,
949 2897 986 2958 ut
1005 2916 1043 2958 ex
1066 2895 1216 2978 plurimis
1235 2896 1379 2962 diversos

148 3077 150 3082 ¹
213 3024 400 3086 ,carperem
424 3000 541 3066 flores'.
582 3002 717 3065 Praeter
739 3000 874 3084 Papiam
899 3003 932 3064 et
955 2999 1154 3084 Ugutionem
1179 2999 1288 3087 (huius
1313 3003 1379 3086 opi·
1495 3014 1498 3022 '

233 3109 346 3174 niones
366 3131 463 3193 saepe
483 3106 624 3172 refutare
644 3106 765 3190 studet)
784 3105 955 3190 permultis
975 3128 1052 3170 sane
1072 3106 1284 3191 scriptoribus
1304 3132 1379 3173 usus

234 3220 284 3280 est
312 3216 346 3280 in
375 3208 482 3299 eisque
499 3207 576 3278 ΙΙ111
604 3212 700 3276 nimis
731 3211 935 3297 vulgaribus,
968 3212 1058 3276 velut
1082 3211 1203 3277 ‘Servio
1231 3214 1265 3279 in
1294 3211 1379 3280 com*-

233 3327 342 3387 111111
362 3323 448 3408 quod
472 3321 587 3386 scribit
610 3321 644 3383 in
658 3317 838 3384 Donatum'
854 3304 1041 3383 Ι’Ῥ11111111
1066 3319 1101 3383 11
1123 3323 1265 3385 tractatu
1289 3343 1379 3405 prae-

154 3427 157 3436 ’
232 3429 445 3514 positionum'
470 3427 643 3513 ‘Apulei0’,
665 3427 698 3491 h.
713 3450 738 3491 e.
761 3427 818 3490 illo
838 3425 951 3510 quide
970 3428 1050 3489 1111
1074 3425 1281 3510 aspirationis
1304 3428 1379 3492 sori·

232 3536 300 3620 psit
318 3537 422 3621 (velut
439 3559 469 3620 p.
487 3537 604 3620 113sq.
628 3535 675 3600 ed.
696 3524 840 3618 01111).
873 3532 935 3597 Η11
953 3531 1021 3597 illic
1039 3533 1206 3618 vulgarem
1224 3534 1379 3618 loquendi

232 3665 328 3706 usum
352 3641 626 3729 commemorat2).

321 3746 601 3834 Derivationibus,
621 3749 734 3834 quales
754 3747 840 3831 apud
859 3746 1042 3812 Osbernum
1060 3747 1176 3832 habes,
1195 3748 1377 3833 persimiles

233 3858 308 3920 sunt
335 3855 410 3921 illae
438 3879 520 3942 quae
543 3855 742 3940 Lipsiensi
775 3855 913 3938 quadam
945 3856 1134 3920 membrana
1162 3855 1378 3922 continentur.

306 4049 325 4117 ¹)
345 4048 468 4104 Haecin
487 4050 541 4104 fine
560 4049 626 4108 libri
645 4050 763 4104 exstant.

305 4138 325 4206 2)
345 4137 431 4192 Velut
448 4137 500 4191 boc
519 4139 614 4194 modo:
636 4138 654 4190 ‘.
671 4179 699 4192 ..
720 4137 790 4191 unde
807 4129 1053 4207 superabdioativa
1071 4137 1172 4192 dieitur
1190 4137 1304 4208 negatio
1323 4154 1377 4206 que

231 4219 345 4281 additur
359 4226 546 4296 negationi-et
559 4226 646 4281 nichil
665 4221 831 4295 cooperatur
849 4227 998 4296 plusquam
1016 4228 1181 4296 precedens;
1200 4229 1233 4281 ut
1251 4219 1292 4280 in‘
1303 4227 1376 4282 vul·
1452 4243 1462 4264 ⁸

230 4315 307 4386 gari
329 4315 400 4369 solet
423 4314 490 4370 dici:
514 4332 567 4385 ego
589 4332 646 4369 non
668 4316 758 4370 habeo
781 4314 881 4383 nichil,
906 4315 981 4384 quod
999 4332 1054 4369 non
1073 4317 1135 4386 plus
1154 4316 1230 4372 valet
1249 4315 1377 4385 quamsi

231 4405 381 4460 diceretur:
401 4421 453 4476 ego
473 4403 560 4459 nichil
579 4404 691 4465 habeo'.
