3216 5126
729 325 948 387 -98-

311 478 352 541 72
377 477 571 562 Quousque:
596 480 737 563 quandiu
760 483 813 546 vel
836 505 936 567 usque
961 504 1023 566 quo

311 584 352 647 73
376 584 568 668 Quousque:
590 587 733 682 'tandem
765 589 897 652 abutere
931 588 1116 653 catellinam
1144 585 1345 672 (catillenem
1368 585 1411 672 L)

423 693 581 774 patientia
602 697 715 759 nostra
738 691 945 780 (patientiam
968 699 1113 759 nostram
1137 691 1180 778 P)

265 795 354 872 Quae
378 798 411 862 in
434 821 532 862 unam
556 800 699 883 glossam
723 802 768 864 sic
792 801 1045 886 conglutincnda
1069 797 1157 864 sunt:

375 904 570 988 Quousque:
594 907 735 988 quandiu
759 908 809 971 vel
833 929 932 991 usque
957 929 1034 991 quo:
1072 905 1256 989 ‘Quousque
1279 907 1408 970 tandem

312 1035 314 1042 ⁴
424 1011 570 1095 abutere,
594 1009 750 1096 Catilina,
773 1014 932 1098 patientia
954 1012 1102 1078 nostral'

351 1115 391 1181 V.
421 1117 526 1183 Multo
551 1121 659 1183 autem
682 1121 876 1185 luculentior
900 1121 1050 1205 glossarii
1072 1120 1197 1184 indoles
1227 1121 1351 1204 existit,
1383 1120 1410 1183 si

236 1225 372 1307 paullo
401 1226 580 1308 pleniorem
610 1227 783 1292 earundem
811 1228 993 1312 glossarum
1022 1228 1212 1292 memoriam
1240 1226 1409 1292 adsciveri-

263 1352 349 1414 mus,
373 1330 411 1394 de
436 1355 500 1417 qua
522 1355 608 1398 nunc
631 1335 697 1398 iam
721 1334 889 1419 agendum.

352 1435 478 1503 Codex
496 1438 715 1506 Vossianus
734 1440 855 1506 Latin.
874 1441 952 1506 Fol.
971 1442 1013 1506 82
1038 1442 1172 1506 membr.
1196 1444 1271 1524 post
1293 1439 1410 1504 Isidori

262 1544 547 1632 Etymologiarum
581 1547 681 1610 libros
709 1545 771 1610 XX
799 1546 1031 1612 ‘vetustissima
1064 1546 1172 1611 manu'
1206 1546 1344 1630 scriptos
1378 1550 1410 1610 et

261 1652 390 1735 poetica
421 1653 578 1737 quaedam
611 1653 812 1754 glossarium
836 1654 924 1718 9500
951 1653 1018 1718 fere
1051 1656 1234 1739 glossarum
1266 1653 1410 1719 eontinet

262 1759 309 1822 sic
331 1759 548 1844 inscriptum:¹
562 1759 736 1844 ‘Incipiunt
759 1763 871 1846 glosae
887 1784 925 1826 ex
938 1784 1023 1826 novo
1043 1765 1075 1825 et
1093 1761 1194 1824 veteri
1212 1765 1408 1826 testamento

262 1888 318 1930 seu
338 1888 376 1930 ex
396 1866 680 1950 ethimologiarum
704 1868 895 1951 spiritaliter
918 1866 1171 1953 compositae'1).
1207 1867 1287 1932 Ine:
1311 1867 1408 1932 ‘Aba-

261 1991 343 2036 uus:
367 1977 461 2057 pater
484 1973 611 2057 presai,
639 1974 672 2037 id
697 1978 746 2038 est
769 1999 848 2040 auus
873 1977 925 2040 aui
975 1976 1073 2040 Abba
1095 1978 1208 2059 pater:
1233 1975 1332 2039 sirum
1355 1997 1410 2039 no·
1523 2005 1527 2014 ·

262 2103 337 2144 men
355 2079 429 2165 est',
454 2082 549 2165 explz
577 2080 772 2166 ‘Zephyrum
791 2087 907 2148 ventus
926 2083 1075 2148 favonius
1113 2081 1217 2146 Zona:
1238 2083 1409 2166 cingulum,

261 2188 406 2252 balteum
452 2185 614 2270 Zyzania:
638 2188 752 2252 lolium
797 2190 987 2274 Expliciunt
1007 2187 1134 2254 Glosae.
1166 2186 1236 2252 Deo
1255 2187 1408 2253 Gratias'.

262 2294 455 2359 Artissimae
478 2295 725 2359 necessitudinis
754 2296 918 2362 vinculum
946 2297 1008 2362 hoc
1031 2298 1117 2362 inter
1140 2299 1173 2360 et
1195 2295 1408 2360 Hildebrandi

261 2401 456 2486 glossarium
484 2401 682 2466 intercedere
705 2404 758 2467 vel
776 2404 893 2478 ,obiter
919 2403 1134 2488 perlustranti
1162 2403 1196 2466 in
1226 2402 1337 2468 oculos
1360 2402 1408 2466 in-.

262 2508 369 2572 currit.
406 2506 604 2592 Diligentius
629 2514 737 2574 autem
761 2511 929 2595 utriusque
953 2511 1107 2595 glossarii
1125 2511 1163 2574 N
1180 2509 1300 2575 litteris
1324 2509 1409 2573 inter

262 2637 295 2679 se
315 2615 442 2680 collatis
465 2614 546 2678 haec
566 2615 645 2679 mihi
665 2620 892 2700 apparuerunt.
925 2615 1046 2681 Omnes
1070 2617 1136 2682 fere
1152 2615 1298 2681 ‘abavus’
1322 2615 1407 2700 glos-

262 2745 316 2786 sae
339 2723 374 2786 in
397 2720 559 2788 Vossiano
584 2745 711 2808 quoque
736 2727 878 2788 exstant:
902 2745 1099 2808 quamquam
1128 2745 1203 2786 sane
1228 2722 1312 2787 aliae
1336 2743 1407 2786 con-

261 2829 458 2914 glutinatae,
496 2831 578 2894 aliae
612 2831 793 2915 discerptae
832 2835 921 2914 sunt,
957 2831 1145 2914 saepissime
1183 2832 1292 2894 autem
1329 2828 1406 2893 ordo

260 2936 414 3000 diversus.
456 2935 527 3011 Qua
550 2937 584 3000 in
607 2959 641 3002 re
665 2937 927 3021 frequentissime
950 2937 988 3001 fit
1011 2940 1047 3001 ut
1072 2936 1224 3001 Vossiani
1248 2935 1407 3019 scriptura

261 3046 293 3106 et
313 3043 489 3107 correctior
508 3045 551 3107 sit
571 3045 754 3148 et'plenior.
781 3041 882 3108 Velut
905 3065 935 3126 p.
950 3044 1024 3126 218,
1040 3044 1083 3107 70
1098 3047 1130 3107 et
1145 3044 1184 3107 71
1210 3043 1257 3106 sic
1276 3043 1407 3107 exhibet

260 3150 390 3214 illorum
412 3149 555 3215 fontium
579 3173 767 3216 consensus:

304 3256 447 3322 Neuter:
470 3279 529 3320 nec
553 3255 599 3341 (P
613 3254 667 3343 ne)
690 3257 752 3321 hoc
771 3256 843 3340 (neo
861 3257 924 3336 hoc
942 3257 1064 3322 nechoc
1077 3254 1120 3342 L)
1144 3278 1238 3321 nemo
1257 3259 1406 3320 nostrum

216 3369 223 3382 '
303 3362 484 3427 Neutrum:
508 3386 567 3428 nee
590 3364 653 3429 hoc
676 3387 735 3429 uec
758 3363 853 3444 illud,

259 3469 439 3534 Vossianus
464 3475 590 3536 contra:

253 3593 277 3627 ³
304 3577 445 3662 Neuter:
469 3578 606 3662 medius,
630 3601 689 3644 nec
712 3579 773 3643 iste
796 3600 855 3643 nee
879 3580 948 3663 ille,
971 3603 1066 3648 nemo
1089 3583 1238 3644 nostrum

303 3683 482 3749 Neutrum:
505 3706 565 3750 neo
589 3684 650 3749 hoc
672 3707 731 3749 nec
754 3685 850 3769 illud;

259 3815 290 3875 p.
309 3793 383 3876 221,
401 3793 462 3856 148
482 3791 557 3855 Pet
570 3793 613 3856 L:
637 3791 765 3857 Nutus:
790 3794 938 3878 cognitus
962 3795 1013 3858 vel
1034 3795 1166 3858 conatus
1192 3790 1262 3878 (uu-
1281 3792 1404 3856 littera-

259 3921 331 3964 rum
350 3900 461 3965 ordine
481 3899 688 3984 defenditur),
711 3899 905 3965 Vossianus:
929 3899 1053 3966 Notus:
1076 3899 1235 3984 cognitus,
1255 3903 1404 3982 conatus3

333 4093 353 4160 ¹)
372 4094 401 4146 P.
414 4093 587 4146 Burmannus
603 4092 745 4146 Secundus
764 4093 793 4147 in
812 4094 974 4163 apographo
995 4092 1097 4147 codicis
1115 4092 1181 4146 huie
1200 4092 1282 4147 titulo
1302 4092 1404 4146 adscri-

259 4180 326 4249 psit:
348 4181 455 4250 ‘inepto
476 4183 549 4236 certe
568 4180 661 4250 titulo,
682 4199 743 4235 cum
759 4181 829 4235 nihil
844 4181 988 4251 spirituale
1007 4182 1064 4236 fere
1083 4181 1112 4235 in
1130 4182 1183 4235 hoo
1202 4182 1336 4251 glossario
1356 4182 1403 4249 sit3

259 4270 316 4324 sive
337 4270 411 4338 quod
430 4271 537 4339 glossas
555 4269 585 4322 in
603 4268 636 4322 V.
656 4273 685 4324 et
703 4270 737 4323 N.
753 4271 784 4326 T.
800 4271 1004 4339 conplectatur:
1023 4271 1172 4340 potiusque
1191 4271 1298 4339 glossas
1317 4271 1404 4324 omni-

259 4359 310 4413 bus
327 4359 385 4413 fere
404 4359 515 4429 paginis
539 4359 663 4428 exhibet,
689 4377 760 4427 quae
783 4360 948 4429 praesertim
967 4359 1086 4430 Virgilio
1110 4358 1227 4427 aliisque
1247 4360 1404 4414 auctoribus

258 4445 375 4501 vetustis
392 4447 483 4500 lucem
502 4447 610 4502 adferre
629 4448 756 4516 possint’.
