3232 5122
708 347 947 412 -246-

327 503 411 559 toria'
433 504 458 557 ·i·
473 504 558 574 plena
571 504 741 559 adulatione.
771 504 814 558 Ab

330 593 480 648 ‘adulator'
501 593 547 647 hic
562 593 770 649 adalatcrcular
789 592 814 645 ·i·
843 592 917 647 unde
931 592 976 646 hie
991 594 1207 660 adulatorcatos,
1222 595 1244 648 a·
1259 595 1284 647 ·i·
1299 612 1401 663 paruus

327 699 429 750 parvus
452 682 588 737 adulator.
625 681 669 736 Et·
680 682 715 736 ab
736 681 815 764 ‘adn
914 682 1055 751 adulator,
1075 684 1104 736 et
1117 683 1300 751 adulatorius,
1315 700 1342 748 a,
1356 698 1403 736 am

328 770 381 825 lor'
411 770 457 824 hic
487 768 615 836 ‘ccccm
643 771 705 825 teri'
742 771 815 825 unde
915 771 1031 825 ethaeo
1050 771 1224 839 adeletiam
1243 771 1335 825 ethic
1355 772 1403 825 ad·

328 859 380 913 hee
399 860 526 914 adultera
541 905 547 915 .
563 864 624 915 tere.
646 859 675 913 et
693 860 816 928 quando·
915 860 994 928 atter,
1012 860 1051 926 νίς
1079 859 1152 914 unde
1175 859 1245 914 haec
1268 861 1402 927 adultera,

329 965 383 1016 que
399 947 512 1018 ponitur
527 947 696 1003 adiectivum
710 947 818 1002 adulter
915 965 977 1014 10ος
1082 988 1086 996 .

330 1055 363 1092 ·a·
401 1054 446 1091 em
479 1053 514 1105 ’0.
549 1037 673 1091 alienum
708 1036 817 1091 violans

329 1128 449 1182 thorum.
481 1127 527 1180 vel
555 1125 677 1180 alienum
707 1125 817 1179 uterum

329 1217 427 1270 tenens
446 1215 493 1269 vel
509 1216 610 1269 terens.
624 1213 691 1272 ,Vel
709 1213 819 1268 adulter

331 1305 410 1374 quasi
437 1303 551 1385 alterius
579 1319 694 1358 uxorem
721 1304 819 1357 tenens

330 1393 376 1450 vel
399 1393 435 1447 ad
458 1391 572 1447 alterius
599 1409 713 1446 uxorem
741 1408 818 1446 acce·

331 1482 405 1535 dens.
426 1481 464 1551 [r]
485 1486 500 1551 3
518 1481 596 1534 ethia
617 1486 636 1534 fi
654 1483 709 1549 9p6
725 1523 730 1534 .
745 1481 819 1534 unde

331 1570 505 1625 adulterinas
531 1585 565 1624 u·
590 1587 637 1623 uon
664 1568 713 1637 qui
737 1571 819 1633 natus
847 1569 1239 1636 011001101101111000-11111,

219 1680 224 1689 ¹
333 1661 376 1714 cst
394 1658 428 1712 de
447 1658 585 1713 adulterio
603 1660 631 1713 ct
648 1658 702 1712 hoc
716 1659 819 1716 adulte-

166 1745 170 1754 '
332 1749 406 1802 rium
420 1747 471 1801 illa
488 1764 576 1817 prava
590 1747 664 1802 aetio
679 1746 737 1801 siue
756 1746 819 1801 illu-

333 1837 374 1891 010
411 1835 496 1890 alieni
533 1835 663 1906 coniugii.
710 1837 747 1891 Et
779 1838 822 1890 est

332 1925 501 1980 adulterium
520 1924 550 1978 in
567 1927 669 1994 nupta,
695 1928 821 1996 stuprum

332 2015 362 2069 in
389 2013 498 2082 uirgine
526 2014 572 2067 uel
599 2013 629 2066 in
661 2014 760 2084 uidua,
791 2014 821 2067 111

332 2105 447 2174 parente
471 2100 592 2157 incestus
620 2102 749 2173 [confusa
772 2104 821 2157 doc

334 2195 390 2247 loco
409 2192 529 2245 restituit
548 2191 650 2263 Used}
670 2191 819 2259 0101111110-

333 2298 386 2337 10.
403 2298 434 2334 as
459 2281 575 2334 verbum
594 2282 722 2335 nentrum
743 2281 820 2351 [neu-

334 2372 408 2424 trum
431 2374 467 2434 ,at
497 2370 580 2440 eid.],
612 2371 685 2425 unde
718 2370 820 2431 adulte·
858 2359 860 2364 ¹

335 2475 429 2514 rusco.
446 2459 485 2512 cis
500 2459 616 2513 verbum
630 2459 821 2514 inchoativum

336 2549 364 2603 et
400 2548 540 2602 adulterer
573 2591 578 2602 .
612 2549 670 2601 aris
706 2548 822 2602 verbum

335 2636 476 2704 deponens
504 2636 528 2690 i·
552 2635 721 2702 adulterium
749 2654 823 2691 com-

335 2724 459 2794 mittere,
484 2725 556 2779 unde
581 2730 631 2780 tor
646 2768 652 2779 .
670 2726 728 2779 tria
747 2766 758 2793 .,
774 2726 822 2780 cio.
851 2726 966 2780 ethaeo
986 2725 1164 2794 adulteratio,
1183 2726 1236 2779 ais.

185 2863 192 2876 .
257 2817 270 2878 .'
336 2816 365 2868 et
383 2814 598 2868 adulteratories
613 2831 646 2867 e·
664 2831 711 2868 am
729 2816 758 2868 et
775 2832 824 2883 po·

335 2902 411 2956 nitur
436 2903 602 2971 quandoque
627 2919 678 2971 pro
704 2918 824 2957 eorrum-

283 2981 295 3002 ''
336 2993 450 3060 pereet
469 2991 505 3045 ad
523 2991 628 3044 malurn
652 2992 760 3046 uertere
779 2993 825 3046 uel

337 3079 438 3134 uenire.
472 3136 474 3146 ,

173 3281 176 3287 Ι
252 3205 355 3295 'Quae
379 3207 434 3290 qui
458 3209 607 3270 accurate
630 3206 715 3272 inter
738 3229 772 3272 se
796 3209 1044 3292 comparaverit,
1067 3209 1095 3274 is
1120 3208 1301 3274 Osbernum
1322 3207 1409 3292 Ugu-

148 3359 151 3366 .
266 3312 366 3376 tionis
385 3312 505 3376 librum
522 3301 719 3396 excerpsisse
738 3317 771 3378 01
789 3316 924 3398 parvula
943 3316 1099 3398 quaedam
1119 3314 1157 3379 de
1177 3338 1235 3381 suo
1256 3315 1410 3380 adiecisse

178 3419 181 3426 ’
267 3419 361 3483 facile
390 3419 569 3484 crediderit.
611 3419 661 3490 At
688 3420 771 3485 hane
801 3419 849 3485 rei
879 3421 1040 3487 rationem
1067 3443 1133 3486 11011
1161 3443 1231 3486 0000
1259 3422 1309 3486 vel
1337 3421 1410 3486 inde

268 3528 417 3610 apparet,
442 3525 526 3610 quod
547 3524 711 3614 Osbernus
736 3550 764 3592 a.
782 3527 850 3592 fere
871 3528 957 3593 1150
980 3527 1140 3611 floruisse,
1159 3527 1283 3611 Ugutie
1304 3531 1410 3592 autem

267 3631 387 3696 librum
411 3631 648 3698 derivationum
675 3658 702 3699 a.
725 3635 792 3699 fere
819 3637 903 3700 1192
927 3635 1146 3720 composuisse
1170 3635 1296 3700 dicitur.
1341 3635 1412 3700 Iam

268 3760 341 3802 cum
373 3738 572 3823 Ugutionem
601 3741 745 3806 Osberno
783 3764 840 3806 sua
872 3764 938 3807 non
976 3743 1091 3807 debere
1125 3765 1223 3826 supra
1261 3746 1413 3826 excerpta

268 3845 446 3910 luculenter
475 3847 712 3930 demonstrent,
744 3851 915 3933 utrumque
948 3871 1020 3913 cum
1053 3848 1166 3913 eodem
1197 3849 1288 3913 fonte
1317 3871 1412 3913 usum
1476 3870 1481 3877 ·

269 3974 338 4016 esse
361 3947 601 4037 tum'ab'ipsis
630 3953 766 4018 collecta
795 3955 955 4020 addidisse
984 3955 1171 4020 censuerim.
1217 3953 1278 4020 Sed
1306 3958 1412 4022 totum

270 4062 366 4148 caput
405 4061 490 4144 quod
523 4063 572 4124 est
608 4060 647 4124 de
683 4061 873 4145 posterioris
906 4061 1003 4126 medii
1036 4062 1108 4146 aevi
1141 4060 1413 4128 ‘derivationum’

270 4166 363 4230 libris
388 4171 420 4231 et
443 4168 562 4232 libellis
586 4171 655 4233 tam
679 4171 727 4232 est
751 4169 951 4254 intricatum,
979 4174 1016 4233 ut
1044 4170 1247 4236 accuratiora
1270 4169 1413 4254 proferre

269 4271 364 4337 huius
388 4274 452 4339 1001
476 4296 545 4338 0000
569 4277 716 4358 nequeat.
748 4274 883 4340 Accedit
905 4276 990 4360 qued
1013 4276 1076 4340 dici
1099 4298 1164 4340 non
1187 4279 1296 4359 potest
1317 4299 1413 4361 quam

239 4388 244 4400 '
270 4403 373 4464 pauca
391 4381 464 4445 inde
483 4382 523 4445 ad
540 4386 654 4447 nostra
672 4383 780 4447 studia
799 4383 945 4467 augenda
959 4387 992 4446 et
1008 4382 1208 4448 sublevanda
1227 4383 1413 4448 redundent.
