3216 5126
686 341 929 409 -158—

328 508 358 574 5.
390 506 479 573 Inter
507 507 636 572 easdem
664 506 799 571 schedas
828 507 957 570 exstant
980 501 1155 566 ‘Glossae
1178 493 1269 567 MSS.
1288 497 1385 567 Box-

239 614 480 682 hornianae’.
525 612 633 698 Ipsius
656 612 836 679 Boxhomii
865 634 962 676 manu
991 610 1032 675 ad
1059 609 1231 695 legendum
1260 608 1386 673 difficil-

238 723 319 788 lima
337 723 476 805 scriptae
500 724 588 804 sunt,
612 723 645 784 et
665 719 796 785 eaedem
815 720 929 804 procul
948 718 1046 783 dubio
1067 739 1146 802 quas
1171 715 1223 780 ‘ad
1238 717 1387 782 Tacitum

241 829 280 893 de
308 851 388 895 mor.
412 827 519 892 Germ.
543 849 609 910 cap.
635 825 671 890 8’
703 826 863 891 editurum
893 848 927 890 se
957 847 1026 889 esse
1055 819 1259 909 promittit1).
1306 821 1389 887 Sunt

242 940 350 1001 autem
369 933 427 1020 4³s,
446 916 585 1020 paginae
604 933 726 998 formae
746 933 915 997 maximae.
948 930 1072 996 Charta
1091 930 1281 1015 asperrima,
1303 951 1388 994 nunc

242 1041 396 1106 subflava.
442 1039 671 1104 Atramentum
705 1038 928 1121 perpallidum
978 1037 1050 1102 Hoc
1087 1036 1282 1120 glossarium
1319 1036 1388 1099 iure

242 1148 403 1233 quispiam
435 1146 608 1211 militare
641 1144 870 1228 appellaverit:
908 1143 992 1208 nihil
1025 1143 1111 1207 enim
1144 1143 1229 1208 inest
1260 1145 1389 1228 praeter

242 1254 369 1338 glossas
393 1253 435 1317 ad
462 1253 632 1336 adcensos,
660 1245 899 1334 adscripticios,
928 1250 1094 1334 advosem,
1123 1253 1266 1334 amenta,
1290 1271 1390 1334 arma,

242 1359 426 1443 Bellonam,
441 1358 600 1442 caculam,
616 1357 781 1440 excubias,
796 1356 985 1440 exercitum,
1004 1356 1151 1440 exuvias,
1171 1355 1390 1439 ferentarium,

243 1468 363 1532 similia
386 1470 581 1551 spectantes.
624 1465 733 1548 Atque
756 1465 862 1549 prima
885 1464 1010 1546 quidem
1034 1487 1110 1548 pars
1133 1464 1207 1528 inde
1231 1464 1272 1528 ab
1296 1463 1408 1553 initio,

246 1570 384 1661 (adsensi
401 1573 579 1638 dicebantur
594 1622 600 1636 .
615 1622 622 1636 .
638 1622 644 1636 .
660 1601 702 1624 --
716 1571 838 1636 Paulus
855 1594 885 1656 p.
903 1570 957 1657 18)
976 1593 1076 1655 usque
1093 1571 1132 1636 ad
1146 1572 1222 1635 endo
1230 1573 1392 1654 procinctu

247 1683 304 1766 (=
319 1681 405 1776 idem
425 1703 454 1766 p.
470 1680 525 1765 77)
545 1681 675 1763 integra
693 1700 709 1742 e
724 1677 815 1742 Festi
835 1677 975 1761 epitome
998 1678 1117 1744 hausta
1140 1677 1199 1742 est.
1236 1676 1393 1762 Reliquae
1428 1753 1448 1786 Ο
1514 1685 1518 1690 “

246 1788 374 1874 glossae
401 1787 476 1852 inde
500 1787 541 1851 ab
565 1785 727 1850 excubae:
750 1786 881 1867 vigiliae
897 1786 1049 1850 0113101100
1071 1785 1205 1850 insidiae
1227 1806 1328 1869 usque
1353 1785 1393 1849 ad

246 1895 343 1959 finem
367 1893 464 1979 (31101
485 1893 610 1975 plautius
628 1893 725 1957 bimis
742 1890 960 1976 EXPLICIT)
980 1913 996 1955 e
1013 1892 1113 1957 variis
1131 1891 1277 1957 fontibus
1296 1892 1394 1956 fluxe·

246 2003 335 2083 runt,
365 2001 412 2065 ita
439 2003 549 2066 tamen
580 2004 617 2064 ut
646 1998 694 2086 (id
722 1999 807 2083 quod
839 2000 906 2064 iam
933 1997 1270 2086 commemoravimus)
1302 1999 1393 2064 nulla

246 2108 443 2192 reciperetur
466 2109 576 2193 glossa
602 2127 670 2171 non
692 2106 854 2171 militaris,
899 2105 1019 2172 Fontes
1043 2109 1152 2171 autem
1177 2110 1253 2171 sunt
1274 2105 1411 2174 Isidori,

246 2213 350 2297 (errius
373 2215 485 2278 tamen
504 2212 625 2277 mentio
643 2233 710 2276 non
729 2207 780 2297 fit)
805 2211 969 2297 Origines,
993 2235 1084 2278 sacra
1107 2212 1282 2298 scriptura,
1304 2211 1392 2278 Iuve-

244 2320 344 2404 nalis,
362 2319 511 2385 Lucanus
531 2317 660 2406 (quater
679 2318 865 2405 excitatur),
884 2319 1064 2405 Palladius,
1085 2320 1278 2386 Ambrosius
1299 2341 1395 2403 super

248 2426 482 2512 ‘Egesippnm’,
505 2427 715 2512 Prudentius,
738 2427 923 2514 frequenter
942 2429 1042 2494 etiam
1055 2427 1174 2512 Papias
1196 2425 1238 2512 (v.
1256 2428 1394 2505 maiae,

246 2532 397 2614 foecialia
409 2534 600 2618 coaetus,
618 2534 775 2619 romphea,
793 2532 929 2623 sapum),
947 2535 1031 2600 unde
1045 2557 1110 2599 non
1129 2537 1292 2600 vetustum
1308 2535 1394 2619 glos·

249 2640 370 2706 sarium
393 2629 463 2704 esse
487 2644 631 2725 apparet.
677 2641 829 2707 Ceterum
851 2645 928 2726 post
949 2639 1151 2706 EXPLICIT
1175 2640 1395 2726 subscriptum

249 2752 311 2812 est:
339 2745 481 2812 Marcel
509 2747 658 2813 ZVERII
685 2748 933 2850 BOXHOItNII
961 2745 1395 2831 ANIMADVERSIONES,

252 2855 307 2919 sed
329 2853 414 2918 nihil
438 2854 507 2918 eius
532 2855 620 2920 modi
643 2855 821 2939 posthaec
844 2856 943 2920 verba
967 2856 1127 2920 adiectum
1150 2856 1261 2921 habes

339 2997 369 3060 6.
406 2996 547 3062 Militare
580 2998 776 3082 glossarium
798 3001 983 3083 ,sequantur
1015 2996 1281 3082 miscellanea,
1312 2996 1344 3061 h.
1368 3017 1395 3060 e.

250 3103 378 3186 glossae
411 3105 479 3169 sive
506 3105 664 3170 brevIoris
696 3105 763 3169 sive
794 3105 961 3189 amplioris
994 3104 1149 3186 ambitus,
1181 3103 1277 3168 modo
1309 3124 1396 3196 mere

250 3210 370 3275 latinae
407 3209 502 3276 modo
544 3209 799 3296 graecolatinae,
840 3212 1022 3276 lIttcrarum
1060 3209 1170 3298 ordine
1206 3203 1396 3295 plerumque

249 3318 398 3402 neglecto
426 3318 474 3382 ita
501 3318 535 3382 in
558 3341 657 3384 unum
682 3322 889 3385 coacervatae
917 3323 954 3383 ut
982 3316 1124 3384 eiusdem
1154 3317 1271 3383 coloris
1301 3321 1396 3402 atque

251 3425 387 3510 originis
400 3424 579 3509 particulae
592 3462 629 3471 —
643 3447 762 3510 eaeque
775 3447 843 3490 non
856 3447 1021 3509 nunquam
1035 3447 1094 3509 per
1106 3425 1235 3490 litteras
1250 3423 1396 3507 digestae

254 3569 291 3577 —
319 3535 370 3596 sat
400 3553 495 3615 saepe
525 3532 664 3596 discerni
693 3532 831 3617 possint.
882 3530 980 3598 Cuius
1013 3533 1140 3618 quidem
1173 3532 1301 3618 generis
1334 3529 1396 3594 duo

252 3640 399 3724 exempla
421 3637 586 3726 hucusque
610 3640 692 3705 mihi
714 3640 939 3706 innotuerunt:
1268 3633 1275 3642 ’

340 3778 370 3868 l)
390 3778 593 3847 Glossarium
607 3781 724 3848 codicis
739 3781 948 3848 Bernensis
967 3781 1167 3878 miscellanei
1182 3782 1274 3866 Aer,
1292 3804 1339 3846 nr.
1357 3778 1396 3845 18

253 3911 276 3954 s.
299 3885 421 3954 IX-X
453 3888 582 3973 scripti,
614 3889 699 3973 quod
728 3889 813 3972 apud
842 3887 1014 3954 Sinnerum
1041 3888 1164 3953 frustra
1191 3888 1398 3974 quaesiveris,

253 4019 327 4062 cum
358 4019 461 4081 nuper
493 3995 623 4059 demum
650 3995 840 4086 Hermanno
873 3996 991 4082 Hagen
1023 3997 1060 4061 in‘
1088 3995 1190 4062 libros
1217 3996 1397 4062 Beruenses

126 4125 129 4132 ’
254 4104 358 4169 denuo
378 4104 554 4188 inquirenti
573 4102 769 4187 apparuerit.
802 4102 1004 4188 Apographo
1028 4125 1106 4167 usus
1130 4125 1201 4168 sum
1223 4104 1264 4168 ab
1286 4103 1398 4168 eodem

254 4209 482 4275 liberalissime
506 4208 587 4273 mihi
609 4210 812 4274 transmisse.

334 4473 354 4545 ¹)
374 4471 514 4528 Notitiam
531 4472 587 4530 loci
607 4474 695 4530 debeo
726 4475 880 4530 Burmanni
899 4476 928 4531 in
947 4474 1074 4547 margine
1093 4474 1258 4531 anotationi
