3222 5122
633 351 676 364 -
721 315 786 381 331
832 351 876 362 -—

249 561 252 566 Δ
273 478 303 543 4.
335 475 478 541 Lucilius
501 474 637 560 VII,14
660 475 705 561 (p.
725 475 797 558 37):

344 581 396 649 Sic
419 585 528 647 moret
552 604 590 647 ac
613 582 732 647 simat
753 565 865 665 narce,
887 578 1095 666 delphinus
1118 582 1155 644 ut
1178 579 1255 644 olim

183 689 214 754 Α
238 687 408 755 ‘simandc'
436 689 609 772 delphinus
636 689 744 775 vulgo,
765 687 872 753 ‘simo’
900 687 1092 770 vocabatur,
1124 684 1210 771 quod
1237 706 1330 749 voca-

184 797 297 861 bulum
327 797 361 860 in
391 796 510 882 glossis
539 795 647 882 legere
677 809 728 861 me
759 796 893 860 memini
920 817 1024 879 neque
1051 797 1162 858 tamen
1190 792 1331 877 reperire

183 925 268 967 nunc
294 920 441 988 possum.
488 899 662 968 Praeterea
695 906 802 985 exstat
833 902 868 966 in
901 900 1026 966 scholio
1059 900 1197 985 quodam
1233 921 1332 963 manu

185 1001 307 1093 scripto
339 1008 540 1076 Achilleidos
574 1009 739 1077 Statianae
762 1009 792 1095 I,
817 1009 859 1075 56
886 1005 940 1096 (cf.
964 1007 1183 1078 ‘Glossarium
1211 1028 1331 1071 novum
1373 1048 1375 1052 -

61 1139 66 1147 ·
185 1115 358 1180 latinitatis
374 1138 412 1180 ex
428 1117 554 1202 aliquot
572 1118 694 1182 nostris
709 1117 906 1182 editionibus
922 1119 954 1180 et
969 1115 1134 1182 codicibus
1154 1109 1331 1196 sumptum'

134 1292 138 1299 ,
165 1222 252 1314 ¹Mai
276 1223 310 1287 in
334 1220 499 1308 Spicilegii
523 1223 662 1289 Romani
685 1227 708 1288 t.
731 1222 778 1288 IX
801 1217 923 1289 Iiomae
948 1246 976 1288 a.
997 1223 1082 1289 1843
1107 1220 1185 1286 editi
1209 1243 1239 1304 p.
1259 1217 1330 1304 63):

185 1327 366 1414 ‘delphines
400 1329 529 1414 quando
561 1329 758 1415 praeludunt
790 1330 825 1393 in
856 1329 1008 1395 fluctibus
1043 1332 1076 1393 et
1107 1327 1266 1391 undarum
1299 1346 1333 1388 sc

184 1435 328 1499 motibus
357 1435 444 1500 saltu
476 1437 648 1520 praecipiti
679 1431 801 1518 ferunt,
833 1437 1045 1519 tempestatis
1074 1434 1258 1519 significare
1285 1430 1333 1496 vi-

181 1525 328 1605 ·denturs
354 1541 394 1606 hi
417 1525 773 1626 propric'semones
795 1539 1070 1607 nominantur’.

274 1648 303 1713 5.
326 1644 453 1714 Nonius
472 1671 502 1733 p.
519 1649 592 1733 120,
604 1650 658 1714 13:
682 1648 945 1733 ‘hippocampi
964 1647 1038 1731 equi
1058 1645 1190 1728 marini,
1213 1667 1232 1708 a
1250 1644 1335 1708 flexu

186 1755 361 1846 caudarum
385 1775 466 1838 quae
489 1754 638 1838 piscosae
661 1778 700 1819 su
723 1757 738 1818 t
840 1735 986 1819 'Lucilius
1009 1756 1197 1818 transverso
1222 1750 1334 1815 ordine

185 1861 295 1945 posuit
331 1860 526 1944 hippocampi
560 1863 693 1944 elefanto
727 1859 892 1926 camillos'.
921 1861 977 1925 L.
1009 1859 1184 1923 Muellerus
1215 1881 1245 1941 p.
1271 1857 1334 1921 142

187 1963 264 2052 (inc.
286 1966 382 2052 frgm.
400 1967 523 2033 XLVII
547 1970 579 2032 ct
601 1966 756 2055 XLVIII)
780 1967 1007 2052 corrigendum
1030 1967 1125 2049 putat
1148 1962 1336 2045 ‘camphappi

187 2078 221 2138 et
245 2073 550 2157 pantherocamaios’.
596 2073 650 2140 Sic
678 2076 734 2159 qui
758 2073 892 2159 corrigit
920 2095 992 2138 cum
1022 2069 1288 2157 probabilitatem
1316 2091 1336 2132 a

186 2179 369 2246 litterarum
401 2181 598 2246 traditarum
630 2180 844 2246 similitudine
876 2178 1050 2264 petendam
1083 2199 1216 2261 prorsus
1250 2196 1336 2259 sper·
1362 2199 1365 2208 ¹

186 2290 257 2371 nat,
284 2287 390 2352 iacere
414 2308 480 2352 non
502 2311 636 2371 possum
660 2287 737 2373 quin
761 2284 964 2370 Scaligerum
988 2286 1020 2348 et
1043 2284 1189 2350 Dousam
1212 2305 1336 2366 sequar,
1362 2305 1363 2308 ¹

187 2392 648 2476 camphippelephaatocameilos
668 2375 736 2459 sine
757 2393 826 2458 ulla
846 2392 1025 2457 mutatione
1049 2388 1139 2477 (nam
1158 2390 1335 2473 camphippi

186 2522 245 2584 pro
264 2499 459 2583 hippocampi
482 2501 554 2585 ipsa
567 2499 669 2568 Nonii
687 2500 787 2565 verba
806 2497 1002 2585 efflagitant)
1027 2498 1214 2564 scribentes.
1245 2498 1333 2574 Quae

187 2608 316 2691 quidem
354 2607 515 2693 scriptura
549 2629 618 2672 non
648 2607 852 2676 mediocriter
885 2629 922 2672 eo
954 2604 1213 2688 commendatur,
1249 2602 1334 2688 quod

187 2714 650 2797 camphippaiaphaatocamclios
677 2714 858 2778 hexametri
881 2734 993 2777 versus
1017 2710 1182 2777 dimidiam
1208 2713 1334 2796 partem

59 2852 64 2862 ·
188 2820 310 2905 explet,
334 2820 368 2885 id
392 2819 478 2905 quod
502 2820 591 2896 casui
613 2819 714 2884 tribui
737 2839 803 2884 non
826 2822 944 2902 potest.
979 2816 1050 2882 Iam
1075 2803 1150 2882 huic
1176 2817 1338 2882 coniectu-

187 2925 432 2991 rae'Muellerus
447 2926 583 3010 opponit
601 2948 634 2990 se
649 2925 788 3010 nescire,
802 2925 879 3010 quid
898 2925 962 2990 sibi
975 2924 1054 2990 velit
1072 2923 1134 2989 hoc
1153 2925 1335 2987 monstrum

188 3034 347 3100 animalis.
399 3032 447 3098 At
479 3033 591 3118 quidni
628 3034 766 3118 cogitari
802 3037 912 3117 potest
945 3032 1105 3097 Lucilium
1140 3029 1336 3096 Graecorum

187 3141 347 3206 voeabula
374 3141 464 3205 velut
490 3139 736 3219 ἱππαλεκτρυών
769 3139 933 3203 imitatum
961 3138 1141 3223 prodigiosi
1170 3135 1337 3224 cuiusdam

188 3248 326 3314 monstri
353 3268 472 3312 nomen
500 3246 646 3330 finxisse,
674 3247 769 3330 quale
793 3246 969 3312 sevidisse
993 3245 1171 3311 iactantem
1195 3243 1349 3328 aliquem

187 3359 284 3440 poeta
308 3356 414 3420 iocose
437 3353 576 3419 fecerit?
616 3352 723 3419 Multa
744 3357 912 3438 praeterea
934 3352 1072 3437 cogitari
1099 3353 1253 3436 possunt,
1284 3350 1338 3414 sed

187 3463 276 3527 nullo
300 3461 396 3526 modo
421 3462 607 3527 coniectura
629 3460 842 3526 Muelleriana
864 3459 1024 3544 probari..
1046 3458 1137 3534 Quod
1162 3460 1271 3522 autem
1295 3457 1336 3522 ad

187 3570 294 3652 ipsum
313 3569 392 3632 illud
410 3568 605 3634 vocabulum
624 3569 755 3652 attinet,
774 3587 841 3632 non
861 3586 977 3650 sequor
989 3562 1134 3629 Nonium
1149 3563 1336 3648 opinantem

187 3675 382 3757 hippocampi
405 3697 424 3738 a
446 3674 572 3739 Lucilio
596 3678 783 3738 transverso
812 3671 923 3736 ordine
952 3692 1021 3735 esse
1050 3669 1207 3753 positum:
1236 3669 1337 3735 immo

190 3781 289 3846 mirae
314 3780 401 3844 vocis
424 3780 531 3863 prima
557 3802 633 3864 pars
656 3801 722 3844 non
744 3778 922 3861 caaphppi
949 3779 1013 3860 cst,
1042 3775 1099 3840 sed
1120 3797 1262 3860 campaa3
1292 3777 1338 3842 sic

189 3887 276 3951 enim
312 3886 456 3952 marinos
491 3909 589 3971 equos
624 3884 742 3951 Graeci
774 3907 793 3949 a
824 3885 909 3949 flexu
945 3883 1162 3968 posteriorum
1195 3883 1338 3967 partium
1413 3929 1424 3947 .

190 3992 400 4077 appellabant
427 3991 524 4058 Festo
547 3991 642 4057 Pauli
664 4015 695 4077 p.
713 3991 809 4075 44,1
838 3994 931 4055 teste.
978 3989 1049 4067 Quo
1077 3991 1150 4056 loco
1178 3991 1338 4055 bonorum

69 4137 74 4145 ·
190 4101 335 4166 codicum
355 4100 549 4185 scripturam
564 4119 646 4183 quae
667 4100 716 4162 est
733 4117 847 4180 cappas
855 4094 879 4181 ¹)
900 4094 937 4162 Ο.
951 4095 1127 4162 Muellerus
1143 4118 1177 4161 se
1192 4096 1338 4162 deserere

9 4413 11 4436 ,
263 4347 282 4418 ¹)
304 4347 382 4404 Idem
404 4345 476 4417 legit
498 4344 547 4414 qui
570 4343 673 4400 codicis
694 4343 839 4400 Leidensis
858 4343 920 4399 67Ε
944 4343 963 4398 f.
984 4344 1061 4399 la'b
1086 4341 1209 4413 glossam
1231 4356 1336 4414 cuppae
1441 4345 1446 4354 ·

9 4447 10 4462 ’
145 4490 148 4496 ,
189 4436 251 4506 epm
268 4436 373 4491 marini
391 4433 536 4504 excerpsit
575 4433 614 4489 cf.
634 4449 719 4505 supra
735 4452 763 4504 p.
779 4435 839 4490 146.
