3178 5122
641 370 861 435 „.49‘...

357 525 535 597 Pugillones=
554 528 737 598 pugillatores
888 547 893 556 ·
916 528 1100 599 Pugillonesr
1132 530 1325 602 pugillatores,

943 635 1006 672 oum
1031 607 1154 690 pugione
1179 619 1203 676 .i.
1231 620 1326 691 gladio

943 711 1102 776 pugnantes

175 817 203 866 p.
221 803 320 864 692,6:
357 794 516 850 Prolioere=
537 811 679 861 emanare,
701 794 737 846 ef·
766 811 792 861 p.
808 800 896 849 stoa:
914 795 1071 851 Proliceret
1084 813 1222 865 emanare,
1234 797 1326 852 efflue·

392 885 485 938 fluere.
509 883 611 936 Varro:
626 882 739 935 demum
944 901 986 953 re,
1024 886 1175 940 decurrere.
1220 885 1325 941 Varro:

392 974 441 1028 ubi
480 972 613 1041 prolicuit
649 969 738 1024 duleis
944 973 1045 1028 deinde
1058 975 1108 1029 ubi
1122 975 1325 1044 prolicuitdul-

393 1063 469 1116 unda
946 1062 985 1117 eis
1005 1063 1080 1116 unda

177 1180 284 1255 Qiram
311 1177 436 1259 largam
465 1176 571 1236 autem
600 1171 782 1256 glossarum
810 1171 936 1254 sopiam
965 1169 1110 1256 Scaliger
1137 1175 1212 1240 huic
1243 1173 1325 1240 fonti

177 1286 307 1366 debeat,
337 1282 387 1346 vel
424 1281 497 1345 inde
530 1280 665 1362 apparet
695 1277 779 1360 quod
806 1299 828 1340 a
857 1277 982 1342 litterae
1016 1280 1196 1364 glossarum
1224 1305 1326 1366 paene

176 1392 303 1458 tertia
326 1411 401 1472 pars
426 1411 464 1451 ex
486 1409 552 1451 uno
578 1384 724 1448 Osberno
749 1383 866 1448 hausta
890 1388 946 1448 est.
980 1384 1028 1451 ef.
1048 1387 1148 1452 euim:

310 1527 445 1597 Scaligeri
464 1527 607 1593 excerpta:
968 1524 1121 1581 osbernus:

175 1657 204 1706 p.
222 1641 336 1704 688,19:
354 1631 736 1714 Nomiuosuszfamosusme·
765 1648 792 1698 p.
808 1631 896 1684 asab:
917 1630 1101 1698 Nominosust
1120 1633 1256 1702 famosus,
1276 1652 1323 1688 no-

392 1723 469 1777 leber
943 1720 1077 1790 minatus,
1097 1724 1253 1777 celebratus

355 1812 514 1866 Nonioula=
543 1811 601 1863 rete
630 1808 666 1860 ad
693 1822 737 1860 ea·
916 1808 1074 1865 Novioula:
1094 1814 1151 1866 rete
1164 1813 1200 1866 ad
1214 1812 1324 1882 capien-
1372 1841 1374 1846 v

390 1900 507 1969 piendas
525 1915 591 1952 aves
943 1897 993 1952 das
1012 1915 1078 1954 aves

357 1989 509 2044 Numerius
529 1989 583 2040 dea
601 1985 708 2040 numeri
765 2003 791 2053 p.
807 1991 892 2040 aeia:
912 1985 1065 2044 Numerius
1086 1989 1145 2043 Dea
1163 1991 1271 2044 numeri

356 2077 546 2146 Nuptorimu:
579 2077 676 2130 domus
709 2076 738 2128 et
916 2075 1106 2144 Nuptorium:
1144 2079 1242 2132 domus
1277 2080 1324 2134 vel

390 2169 468 2221 loeus
487 2165 652 2220 nubentium
941 2161 1027 2219 loeus'
1043 2167 1222 2235 nubentium,
1249 2169 1332 2236 quoa

942 2255 971 2307 et
989 2253 1201 2323 epithalamium
1222 2255 1324 2310 dicitur

356 2345 534 2413 Nugiparus:
546 2343 735 2412 quipan'tnu-
764 2360 790 2410 p.
806 2341 895 2394 asab:
915 2341 1093 2410 Nugiparus=
1113 2343 1162 2412 qui
1180 2343 1256 2412 parit
1274 2363 1323 2398 nu-

392 2451 442 2502 gas
942 2447 992 2500 gas

356 2522 477 2577 Nasalez
497 2523 690 2576 ornamentum
709 2538 735 2574 e·
916 2519 1041 2574 Nasalez
1072 2525 1265 2577 ornamentum
1296 2541 1323 2577 e·

391 2629 509 2680 quorum
942 2626 1061 2677 quorum

355 2700 525 2754 Nimitioust
545 2699 659 2767 nimius,
681 2698 735 2752 exi·
916 2697 1323 2769 Nunitiousrnimiuseximiue,

390 2789 474 2858 mius,
493 2789 623 2844 immanis
941 2787 1072 2844 immanis

355 2878 524 2934 Ninnariust
558 2879 636 2933 euius
668 2893 737 2930 uxor
915 2876 1321 2936 Ninnariusrouiusuxormoe-

390 2969 553 3023 moechatur
572 2970 600 3021 et
618 2969 695 3022 tacet
888 2993 892 3004 ·
941 2967 1040 3020 ebatur
1059 2970 1087 3021 et
1105 2969 1182 3022 tacet

356 3056 525 3126 Nauoupesz
554 3056 589 3110 ad
615 3056 736 3110 eundum
764 3073 789 3122 p.
805 3060 892 3106 eaba:
912 3053 1029 3109 Nasus:
1051 3057 1193 3112 celer...
1213 3073 1322 3127 acupes,

390 3149 483 3200 aetum
501 3146 608 3200 habens
627 3146 727 3213 pedem
799 3167 802 3171 .
941 3143 1021 3211 quasi
1047 3145 1083 3198 ad
1112 3145 1232 3200 eundum
1260 3163 1322 3200 aeu-

940 3234 1002 3286 tum
1019 3232 1126 3288 habene
1144 3217 1245 3302 pedem

355 3323 494 3378 Numidaz
510 3322 735 3391 quivendither-
915 3320 1057 3376 Numidas
1080 3322 1127 3390 qui
1146 3323 1243 3377 vendit
1261 3325 1321 3378 her·-

389 3411 439 3466 bas
463 3413 509 3466 vel
532 3412 581 3480 qui
608 3411 661 3466 alit
687 3429 734 3481 pe·
760 3446 763 3451 -
941 3410 990 3464 bas
1008 3411 1054 3464 vel
1080 3411 1128 3480 qui
1146 3412 1198 3466 alit
1221 3429 1322 3481 peoora

390 3517 455 3554 cora
473 3501 509 3554 ad
528 3501 703 3554 vendendum
941 3498 976 3551 ad
995 3500 1172 3554 vendendum

354 3590 486 3660 Negare:
510 3589 656 3659 vacillare,
681 3591 735 3644 huc
913 3586 1045 3656 Nagare=
1064 3589 1205 3657 vacillare,
1221 3590 1276 3644 hun
1289 3591 1321 3644 il·

390 3681 419 3734 et
436 3679 504 3734 illue
522 3678 657 3734 fluctuare
940 3675 1040 3746 lneque
1058 3678 1192 3732 fluctuare

354 3767 519 3823 Neonoote=
534 3753 733 3822 nee'simulate.
762 3783 789 3832 p.
806 3765 893 3818 asab:
914 3764 1058 3821 Nenooter
1096 3783 1147 3822 neo
1183 3767 1321 3822 simulato.

388 3857 512 3912 Persius:
533 3859 733 3926 neenootepa·
940 3854 1065 3910 Persius:
1089 3859 1221 3911 neenoote
1240 3873 1320 3924 para-

389 3948 433 4001 ter
450 3944 575 4015 plorabit
940 3946 1001 3998 tum
1019 3944 1142 4014 plorabit

336 4035 488 4090 Nervieusz
503 4034 733 4101 nervieoeus‚for-
913 4031 1256 4088 Nervieusetnervieosus
1269 4049 1320 4101 pro

388 4124 425 4178 tis
938 4121 1019 4176 fortis
1037 4119 1165 4175 dicuntur

355 4212 521 4266 Notarium&
537 4211 636 4278 fusum,
651 4211 748 4283 fusile¹
913 4209 1073 4265 Nitoriumz
1092 4209 1187 4276 fusile,
1206 4209 1297 4263 fusum

175 4322 367 4387 Gravissimi
391 4324 499 4385 autem
521 4323 676 4386 momenti
699 4320 780 4385 illud
804 4322 867 4403 est,
890 4319 975 4402 quod
999 4319 1123 4384 duabus
1147 4317 1321 4404 exceptis1)

174 4445 365 4456 .--.....-4-
379 4449 387 4454 .

251 4498 269 4562 ¹)
294 4497 354 4550 Hae
377 4497 449 4550 duae
472 4499 549 4550 sunt:
573 4515 598 4565 p.
620 4501 680 4562 684,
697 4502 730 4550 52
757 4496 918 4550 lenociniis:
940 4494 1081 4548 Donatus:
1106 4494 1321 4562 ‘pronunciabat

229 4597 323 4647 huwe,
338 4597 365 4635 ‹ie
380 4597 447 4646 gloss.
463 4597 502 4636 lat.
1090 4589 1106 4635 4
