3178 5122
656 347 876 411 „21-

190 509 397 592 tractabitur,
421 508 524 573 altero
546 506 673 592 glossae
697 528 778 590 quae
801 507 930 590 proprie
951 508 997 573 sic
1016 508 1230 592 appellantur.
1267 514 1337 580 Iam

191 615 371 699 quaeritur,
395 635 474 697 quas
498 613 533 676 in
555 615 666 696 partes
689 607 769 676 haee
792 612 881 696 ipsae
909 613 1130 680 discribendae
1158 618 1337 687 videantur.

190 721 240 787 Ac
268 722 329 786 duo
357 721 562 807 potissimum
589 721 753 786 dividendi
780 720 868 784 modi
900 723 989 805 sunt,
1021 743 1158 806 quorum
1186 726 1269 792 alter
1297 732 1337 795 ad

189 828 364 913 linguam
383 831 518 914 spectat,
536 828 576 894 ad
590 828 793 892 materiam
812 827 878 892 sive
894 827 1066 892 ordinem
1086 827 1176 896 alter.
1203 834 1336 904 Etenim

189 958 255 1001 non
287 959 398 1002 omnes
432 937 558 1020 glossae
590 958 669 1019 quas
706 935 825 1000 latinas
859 935 1060 1018 appellamus
1093 959 1179 1002 mere
1212 940 1334 1009 latinae

190 1046 274 1107 sunt.
318 1042 433 1127 Itaque
466 1043 552 1127 quod
580 1042 621 1107 ad
647 1043 766 1107 lemma
795 1045 827 1106 et
855 1043 1178 1126 interpretamentum
1206 1048 1334 1132 glossae

190 1151 323 1215 attinet:
1129 1133 1133 1142 Ι

235 1262 291 1323 aut
314 1261 486 1342 utrumque
504 1257 642 1322 latinum
662 1261 725 1322 est:
749 1257 909 1341 glossaria
926 1280 1030 1323 mere
1053 1258 1223 1348 latina1),
1245 1264 1335 1329 velut

314 1387 395 1449 quae
434 1365 493 1429 sub
525 1363 644 1428 Isidori
679 1363 809 1428 nomine
846 1362 1006 1448 feruntur,
1044 1364 1168 1431 Placidi
1198 1370 1334 1456 glossae,

314 1495 397 1556 s1m.;

232 1583 290 1644 aut
312 1580 429 1643 lemma
447 1579 585 1644 latinum
605 1583 663 1663 est,
683 1579 1009 1662 interpretamentum
1024 1601 1189 1663 graecum:
1209 1584 1333 1667 glossa-

312 1686 361 1750 ria
384 1687 668 1769 latinograeca,
692 1686 783 1750 cuius
808 1688 934 1770 generis
957 1710 1035 1771 prae
1055 1689 1171 1752 ceteris
1191 1685 1334 1757 eminent

313 1794 464 1878 egregiae
479 1793 553 1858 illae
565 1794 703 1878 glossae,
718 1815 800 1877 quae
809 1792 989 1858 Philoxeno
1003 1794 1087 1860 falso
1098 1795 1332 1881 inscribuntur3

231 1904 288 1965 aut
310 1901 429 1965 lemma
447 1921 599 1984 graecum
623 1902 681 1985 est,
704 1900 843 1965 latinum
863 1903 971 1965 autem
990 1901 1332 1985 interpretamentum:

311 2007 469 2091 glossaria
503 2006 786 2091 graecolatina,
822 2007 912 2071 velut
941 2003 1059 2090 Cyrilli
1087 2009 1171 2093 quod
1198 2013 1332 2074 vocatur

310 2115 514 2198 glossarium,
537 2115 756 2199 fragmentum
781 2111 982 2197 Coloniense,
1006 2117 1077 2181 sim.

275 2239 347 2304 Huc
370 2239 535 2322 pertinent
564 2238 664 2302 etiam
691 2238 995 2324 latinogermanica,
1023 2239 1258 2325 latinogallica,
1285 2241 1331 2305 la·

182 2347 376 2430 tinoitalica,
398 2345 502 2410 multa
524 2345 558 2410 id
578 2365 679 2428 genus
703 2345 871 2429 glossaria,
900 2368 1037 2430 quorum
1060 2351 1170 2413 tamen
1192 2371 1259 2413 non
1282 2349 1331 2414 ita

185 2476 281 2538 saepe
304 2454 465 2518 rationem
483 2452 686 2517 habebimus.
727 2452 859 2516 Etenim
882 2453 1058 2518 maximam
1073 2477 1184 2520 eorum
1202 2460 1330 2540 partem

182 2560 270 2625 haud
284 2561 416 2626 difficile
435 2559 653 2626 demonstrari
671 2563 782 2644 potest
800 2583 839 2624 ex
858 2560 975 2644 glossis
990 2584 1077 2626 mere
1097 2563 1207 2627 latinis
1225 2562 1329 2627 factes

183 2691 253 2732 esse
276 2667 599 2752 latinogermanioas,
621 2667 877 2750 latinogallicas,
901 2667 950 2751 al,
974 2668 1272 2753 interpretamentis
1294 2670 1330 2733 in

183 2775 433 2858 Germanorum,
460 2773 760 2857 Francogallorum,
791 2771 950 2838 Italorum
978 2774 1018 2838 al.
1048 2796 1229 2840 sermonem
1257 2798 1329 2840 con-

182 2882 294 2946 versis.
343 2881 414 2946 Iam
437 2903 510 2945 cum
533 2881 622 2964 ipsae
646 2880 721 2944 illae
745 2880 888 2964 glossae,
915 2878 999 2944 unde
1023 2902 1125 2945 novae
1149 2883 1327 2946 translatae

183 2991 267 3072 sunt,
290 2986 358 3052 fere
377 3009 504 3070 semper
527 2988 664 3072 exstent,
686 2987 769 3051 nihil
791 2987 859 3051 fere
879 2987 1002 3053 habent
1021 2987 1061 3051 ad
1086 2988 1195 3052 studia
1213 2993 1328 3054 nostra

181 3096 345 3161 utilitatis
400 3094 534 3158 Accedit
566 3094 652 3177 quod
685 3094 868 3178 glossarum
895 3094 1034 3158 maxime
1063 3095 1328 3180 latinogermani-

182 3226 293 3267 carum
310 3203 410 3284 'larga
433 3200 526 3285 eopia
544 3222 610 3264 non
629 3221 646 3263 e
671 3200 849 3284 glossariis,
874 3200 930 3264 sed
950 3223 966 3264 e
985 3201 1149 3266 codicibus
1173 3203 1327 3286 glossatis

180 3309 372 3392 deprompta
396 3311 454 3392 est,
478 3330 560 3392 quae
583 3329 649 3371 non
672 3307 711 3371 ad
734 3310 882 3371 nostrum
905 3330 1032 3392 munus,
1055 3309 1110 3373 sed
1135 3308 1175 3372 ad
1198 3309 1326 3374 illorum

181 3417 377 3501 scriptorum
396 3416 493 3494 κρίειν
512 3418 546 3478 et
564 3415 708 3494 ἐξήγηειν
728 3417 885 3498 spectant.
922 3414 1035 3499 Neque
1058 3420 1168 3480 tamen
1185 3416 1327 3499 neglexi-

179 3546 252 3588 mus
280 3521 363 3586 hanc
391 3521 625 3605 glossariorum
652 3523 795 3604 partem,
832 3520 870 3585 de
903 3543 967 3605 qua
999 3522 1151 3606 quoniam
1179 3522 1326 3607 pluribus

179 3652 277 3715 agere
305 3628 468 3711 nolumus,
495 3649 600 3711 pauca
626 3626 690 3691 huo
720 3627 902 3710 spectantia
924 3650 1008 3692 nuno
1035 3629 1240 3710 proferimus.
1291 3629 1327 3694 si

180 3738 253 3822 quis
278 3739 386 3800 autem
410 3734 595 3818 germanica
623 3735 783 3818 glossaria
807 3737 839 3796 et
870 3733 978 3797 studia
1002 3734 1041 3798 ad
1066 3757 1104 3798 ea
1126 3736 1326 3818 pertinentia

178 3867 243 3909 uno
268 3842 361 3928 quasi
380 3842 497 3906 obtutu
515 3841 713 3924 perlustrare
736 3841 886 3925 voluerit,
910 3840 940 3904 ei
964 3842 1224 3907 commendamus
1243 3865 1325 3927 quae

177 3949 202 4014 Ι.
236 3950 396 4014 Zacherus
429 3949 463 4012 in
493 3946 624 4012 Ersohii
657 3953 690 4011 et
713 3936 858 4013 'Gruberi
889 3948 1168 4032 Encyolopaediae
1200 3949 1323 4032 primae

179 4057 333 4122 sectionis
357 4058 449 4138 parte
474 4054 715 4138 septuagesima
736 4053 867 4138 Lipsiae
892 4077 919 4118 a.
946 4054 1031 4119 1860
1054 4054 1141 4118 edita
1164 4055 1223 4119 sub
1246 4055 1323 4118 lem-

177 4167 264 4228 mate
289 4161 440 4227 ‘Glossen
463 4159 776 4248 (althoehdeutsohe'
800 4184 829 4225 u.
854 4183 878 4224 s.
897 4159 949 4246 w.)
972 4183 1003 4243 p.
1026 4161 1203 4225 213-218
1228 4162 1322 4225 colle·

177 4273 237 4355 git,
262 4269 379 4354 quibus
402 4290 479 4334 sane
499 4267 653 4351 addenda,
677 4289 759 4352 quae
779 4270 894 4351 postea
917 4267 951 4331 in
972 4267 1094 4332 diurnis
1113 4267 1321 4356 philologieis

176 4397 390 4408 ...-.-...----

252 4461 272 4532 ¹)
291 4460 435 4518 Glossaria
455 4460 656 4518 ‘latinolatina'
677 4477 779 4518 novare
798 4477 855 4514 non
872 4458 970 4515 audeo.
