3232 5122
631 329 1052 398 .-'195-·2

214 512 284 558 κιον
345 492 496 557 Abacus:
533 490 625 572 ἄβαξ,
655 513 709 556 κο(
763 490 998 556 Abalienatus:
1036 488 1358 574 ἀπηλλοτριωμένοε’,

209 600 349 684 explicit
372 600 431 664 col.
454 599 529 664 168:
561 597 711 662 ‘Vulturt
735 599 803 678 γύψ
848 597 988 663 Vultus:
1012 598 1187 678 πρόςωπον
1231 596 1360 662 Vulva:

99 733 102 742 ’
215 708 330 787 μήτρα,
361 707 475 786 ὑετέρα
531 705 642 771 onr:
670 706 779 784 γυνή.
812 702 974 769 onrius:
1002 709 1182 781 γυναικεῖος
1214 679 1361 770 ΤέΛο(’.

215 812 270 876 Ad
293 810 527 877 emendandum
549 811 612 876 hoc
637 811 834 896 glossarium
857 809 950 875 ‘Bon
972 808 1122 874 Vulcanii
1145 810 1245 895 Brug.
1267 813 1361 874 nota·

215 939 288 981 rum
302 921 335 981 et
349 917 602 1002 castigationum
620 918 654 981 in
669 917 829 1002 glossaria
843 916 1010 1000 utriusque
1025 915 1166 1002 lingnae'
1181 916 1240 982 col.
1253 918 1359 981 111—

219 1026 281 1090 118
306 1026 463 1109 spectant.
505 1023 581 1089 Non
603 1025 744 1109 primum
768 1024 905 1089 edidisse
920 1023 1129 1114 Vulcanium,
1153 1024 1208 1088 sed
1227 1023 1362 1088 iterasse

216 1136 346 1216 praeter
369 1131 501 1195 titulum
524 1151 622 1214 supra
645 1131 840 1215 exscriptum
867 1131 984 1195 docent
1012 1131 1111 1194 verba
1138 1130 1363 1214 castigationi-

217 1238 285 1302 bus
300 1234 493 1322 praemissa:
518 1236 611 1304 ‘Cum
634 1238 668 1302 in
692 1237 821 1303 edendis
841 1238 1007 1322 glossariis
1019 1225 1189 1302 'veteribus
1209 1259 1363 1319 versarer,

218 1344 321 1409 amice
345 1345 462 1427 lector,
489 1347 602 1409 nactus
627 1367 698 1410 sum
718 1367 737 1408 a
755 1343 877 1408 Ioanne
891 1343 995 1428 Lydio
1018 1345 1132 1409 iuvene
1155 1343 1251 1409 docto
1269 1342 1363 1407 mihi-

8 1444 12 1460 ’
66 1499 69 1503 -
149 1519 152 1524 ,
218 1473 279 1536 que
312 1451 509 1542 amicissimo
542 1451 640 1516 etiam
672 1451 735 1517 hoc
768 1451 1018 1534 onomasticum,
1050 1471 1202 1514 excusum
1234 1448 1364 1533 quidem

217 1557 298 1622 illud
322 1558 400 1622 olim
427 1557 639 1641 Argentorati
666 1561 699 1621 et
727 1555 883 1640 Calepino
907 1557 1098 1641 praefixum,
1120 1560 1232 1621 vetus
1255 1558 1365 1620 tamen

218 1663 365 1748 quodque
393 1665 568 1748 prioribus.
584 1664 650 1728 illis
679 1664 848 1748 glossariis
877 1663 1074 1748 proprietate
1101 1664 1364 1748 praestantiaque

218 1771 450 1836 vocabulorum
485 1775 554 1836 tam
590 1771 767 1836 latinorum
805 1787 903 1856 quam
937 1791 1125 1855 graecorum
1162 1792 1365 1855 nequaquam

218 1875 323 1941 cedit'.
368 1875 438 1940 lam
462 1900 525 1962 quo
554 1899 592 1941 ex
621 1877 728 1943 codice
752 1875 867 1942 ‘vetus'
894 1876 977 1940 illud
999 1875 1196 1960 glossarium
1218 1875 1365 1940 fluxisset
1393 1897 1398 1904 ·

134 2025 154 2048 ,ι
218 2005 284 2048 non
311 1984 420 2068 inepte
447 1984 617 2062 videbatur
643 1984 718 2048 inde
747 1983 851 2049 conici
877 2004 986 2067 posse,
1017 1983 1102 2067 quod
1124 1981 1302 2047 Vulcanius
1330 1981 1365 2045 in

220 2089 502 2174 ‘castigationibus
522 2092 554 2154 et
571 2089 670 2154 notis'
694 2090 754 2156 col.
771 2090 832 2153 111
858 2089 938 2152 haec
958 2088 1098 2171 scripsit:
1123 2086 1266 2152 ‘adiunxi
1289 2109 1365 2153 vero

220 2197 319 2261 etiam
351 2199 447 2260 notas
480 2197 512 2258 et
549 2196 780 2279 castigationes
814 2195 952 2278 aliquot,
990 2203 1071 2278 quas
1106 2195 1185 2259 boni
1217 2194 1365 2259 consules

201 2304 380 2386 ‘tantisper
404 2302 481 2366 dum
504 2322 564 2365 ms.
583 2302 715 2385 aliquod
739 2303 903 2386 exemplar
925 2305 1040 2366 nactus
1062 2301 1169 2385 fuera,
1192 2299 1281 2366 cuius
1306 2324 1366 2384 ope

141 2497 144 2502 ¹
221 2412 254 2473 et
276 2409 468 2492 castigatius
493 2411 526 2472 et
549 2408 673 2473 auctius
700 2409 762 2474 hoc
791 2409 1014 2475 onomasticon
1043 2409 1094 2473 edi
1121 2408 1235 2491 possit.
1280 2408 1366 2475 Nam

219 2517 254 2579 in
287 2515 559 2600 Argentoratensi
589 2514 648 2580 illa
680 2515 828 2580 editione.
858 2515 1082 2600 typographus
1120 2514 1190 2597 ipse
1226 2518 1367 2579 testatur

219 2623 378 2686 vocabula
401 2622 511 2687 omnia
534 2643 670 2705 quorum
693 2622 823 2686 initium
847 2627 916 2686 erat
939 2645 959 2686 a
981 2622 1078 2686 litera
1101 2620 1137 2684 X
1158 2625 1190 2684 et
1211 2621 1252 2704 Z,
1282 2619 1367 2704 quod
1497 2681 1505 2698 ,

204 2752 308 2794 'mere
331 2733 593 2814 graecaessent,
617 2731 766 2794 consulto
790 2753 809 2794 a
833 2751 866 2793 se
891 2727 1033 2794 omissa’.
1076 2728 1162 2792 Hinc
1185 2725 1272 2790 enim
1295 2745 1367 2788 cum

223 2835 477 2900 concludendum
500 2835 664 2913 videretur
688 2836 932 2922 typographum
952 2815 1268 2919 'Argentoratensem
1295 2831 1367 2914 ipso

222 2943 300 3007 libri
332 2942 440 3007 codice
473 2963 571 3006 manu
603 2943 725 3026 scripto
758 2965 852 3007 usum
890 2943 1073 3025 esse,'l1'uc
1106 2943 1252 3024 spectare
1290 2936 1367 3000 olim

222 3050 377 3132 putabam
390 3047 589 3113 G.Haenelii
602 3050 702 3114 verba
715 3050 749 3114 in
764 3049 934 3134 ‘Catalogo
949 3050 1106 3113 librorum
1120 3069 1219 3112 manu
1234 3044 1367 3127 scripto-

222 3177 294 3220 rum
322 3157 378 3240 qui
404 3156 439 3220 in
465 3156 673 3221 bibliothecis
701 3155 837 3221 Gallicis
862 3151 1166 3219 ...asseruantur'
1190 3175 1221 3236 p.
1239 3149 1305 3214 463
1329 3147 1368 3212 de

222 3263 384 3327 codicibus
399 3262 734 3346 Argentoratensibus
749 3262 891 3347 agentis:
912 3261 1067 3326 ‘Isidorus
1083 3262 1121 3325 de
1137 3279 1262 3323 summo
1282 3257 1367 3321 bono

225 3368 324 3451 14493
355 3366 476 3432 Seneca
499 3367 539 3430 ad
562 3366 736 3451 Lucilium3
759 3367 1064 3433 Vocabularium
1087 3361 1368 3430 Latino-Grae-

224 3495 306 3538 cum
332 3474 432 3558 12223
465 3473 789 3557 Hebraicum12303
822 3473 889 3538 fol'
936 3473 1024 3549 Quae
1057 3460 1241 3539 coniectura
1272 3489 1369 3551 quam

223 3581 308 3646 falsa
332 3580 464 3645 sitiam
487 3580 663 3645 rideamus.

314 3687 444 3752 Dudum
471 3686 533 3750 hoc
560 3686 687 3752 lexicon
713 3688 890 3771 permirum
919 3687 1000 3751 mihi
1027 3687 1132 3751 visum
1161 3689 1241 3749 erat.
1287 3682 1369 3747 Dili-

106 3809 111 3818 ‘
224 3794 353 3880 gentius
376 3793 463 3856 enim
486 3792 521 3855 in
543 3791 650 3857 fontes
674 3793 742 3873 eius
767 3793 943 3877 inquirenti
971 3792 1053 3857 mihi
1082 3791 1232 3876 apparuit
1260 3791 1369 3872 singu-

224 3902 325 3966 larem
362 3900 466 3963 inesse
503 3899 772 3963 Plautinarum
803 3900 1023 3983 glossarum
1056 3898 1220 3982 copiam,
1258 3895 1369 3979 quales

225 4009 294 4073 sine
318 4007 386 4072 ulla
408 4004 600 4070 difficultate
624 4009 774 4070 centum
805 4008 842 4068 et
870 4006 1036 4090 quinque
1063 3997 1257 4087 investigavi
1281 4003 1370 4066 certo

226 4115 266 4179 ad
290 4117 396 4179 certos
420 4112 531 4176 Plauti
554 4135 664 4178 versus
689 4114 885 4196 spectantes,
912 4111 999 4176 haud
1022 4131 1142 4194 paucas
1166 4109 1265 4173 etiam
1286 4095 1370 4190 quae

224 4243 291 4286 non
314 4221 383 4286 sine
408 4218 517 4306 aliqua
539 4218 771 4302 probabilitate
790 4217 901 4282 eodem
925 4217 1039 4282 referri
1061 4219 1207 4301 possunt.
1245 4213 1312 4297 Sic,
1334 4218 1371 4278 ut

225 4327 399 4392 nonnullas
424 4326 608 4408 afferamus,
632 4326 745 4410 glossa
765 4326 824 4388 col.
841 4325 879 4389 17
900 4324 1040 4389 bebcutuz
1058 4321 1173 4390 ζωωτά
1191 4321 1372 4386 revocanda

227 4437 277 4500 est
305 4433 346 4498 ad
368 4431 522 4498 Pseuduli
549 4454 578 4496 v.
604 4431 666 4496 146
690 4427 733 4516 (1,
757 4427 882 4517 2,14);
910 4431 970 4496 col.
991 4431 1031 4495 18
1060 4428 1271 4564 blandidicus:
1295 4449 1370 4508 χρη·

1107 4539 1138 4588 13
