3222 5122
703 298 945 386 4326-

253 483 439 548 disecrnitur
457 481 602 566 eupitius,
626 483 747 545 utnon
767 479 865 544 nimis
888 503 998 546 rarum
1021 480 1169 546 videatur
1190 481 1300 546 fuisse.
1347 479 1401 546 Sic

253 589 378 654 nehus
403 587 531 672 quidem
554 586 698 672 glossas:
1143 569 1149 580 ’

668 693 882 774 fruniscor:
906 713 1007 760 nescu
1037 713 1042 720 ·

344 797 508 871 glossarium
528 797 691 853 Salomonis.

543 891 773 970 'fruniscort
795 891 898 971 fruor,
921 885 1083 954 nanciscor
1177 895 1181 903 '

344 996 425 1066 gloss.
450 994 634 1050 Hildebrandi
657 1012 684 1062 p.
706 999 764 1062 148,
780 1001 832 1049 260
858 996 887 1049 et
913 993 973 1048 eod.
992 993 1143 1048 Vossianus
1166 994 1225 1050 Fol.
1245 999 1292 1048 82:
1321 997 1402 1062 fruor

343 1085 488 1139 nanciscor
505 1085 645 1151 fruniscor
662 1085 781 1152 uterque
800 1084 874 1152 fons,
894 1083 1024 1153 perverso
1039 1083 1148 1151 ordine,
1167 1084 1200 1136 ut
1217 1080 1300 1136 facile
1315 1099 1401 1152 appa·

343 1175 393 1229 ret.
433 1173 569 1228 ‘Abavus'
590 1172 698 1243 glossas
717 1174 827 1226 mutato
846 1171 943 1226 ordine
962 1172 1110 1226 verborum
1133 1171 1175 1226 bis
1199 1171 1245 1226 vel
1271 1171 1340 1226 adeo
1359 1173 1402 1228 ter

345 1264 452 1317 exstane
470 1279 555 1331 supra
574 1261 694 1315 vidimus
713 1280 740 1331 p.
756 1267 789 1315 94
798 1279 838 1329 sq.

254 1353 439 1420 Lucilianus
464 1375 533 1418 esse
558 1349 612 1439 (ef.
635 1351 795 1416 Lucilium
818 1349 939 1434 XVIII,
958 1352 992 1416 3:
1022 1373 1115 1434 neque
1135 1333 1330 1431 fruniscor
1351 1373 1402 1435 epo

255 1482 292 1525 uc
315 1458 362 1547 tu)
386 1458 584 1526 confidenter
608 1459 857 1541 autumaverim‚
882 1479 953 1522 oum
976 1480 1042 1522 non
1067 1459 1172 1523 solum
1197 1459 1233 1535 Q.
1252 1458 1402 1524 Metellus

254 1566 445 1632 Numidicus
473 1565 520 1658 fin
548 1565 701 1649 epistula,
732 1587 828 1649 quum
857 1564 929 1628 exul
958 1563 998 1628 ad
1026 1562 1187 1633 Domitios
1217 1563 1320 1630 misit’
1348 1561 1402 1651 (ef.

256 1671 397 1737 Gellium
415 1671 519 1756 XVII,
538 1674 568 1757 2,
584 1674 616 1737 7:
641 1721 692 1737 ...
711 1693 833 1737 sunno
853 1672 956 1754 pieria
976 1659 1200 1758 fruniscor),
1224 1671 1280 1736 sed
1304 1673 1402 1738 etiam

257 1776 339 1844 Cato
363 1776 416 1865 (ef.
436 1779 570 1850 Festum
588 1778 683 1843 Pauli
705 1802 736 1862 p.
755 1779 807 1862 92,
822 1779 858 1842 9:
880 1778 1072 1859 fruniscor
1095 1783 1123 1842 et
1142 1769 1300 1859 frunitnrn
1322 1780 1404 1844 dixit

257 1883 333 1950 Octo
356 1936 363 1950 .
383 1937 390 1952 .
410 1885 431 1972 )
461 1885 572 1951 eadem
596 1883 734 1970 forma¹)
764 1885 814 1949 usi
843 1884 918 1949 sint.
956 1879 1076 1968 'Neque
1105 1884 1200 1949 aliter
1228 1887 1336 1950 statuo
1364 1884 1402 1949 de
1429 1873 1430 1876 ¹

257 1992 382 2076 glossa:
474 2050 476 2055 .

519 2096 715 2184 consuet:
739 2097 1140 2182 minduniensem
1255 2083 1266 2110 ⁶

346 2205 405 2258 cod.
421 2203 639 2274 Amplonianus²
657 2221 683 2272 p.
699 2207 822 2271 288,195
844 2202 987 2269 (comedim
1007 2185 1061 2255 om.
1080 2201 1239 2270 monduc0)3
1259 2202 1319 2257 eod.
1334 2202 1404 2258 Vos-

347 2293 441 2347 sianus
459 2293 519 2348 Fol.
530 2299 564 2346 24
583 2294 640 2363 (eor
658 2311 709 2362 pro
723 2309 821 2347 cornu:
841 2291 933 2345 minus
952 2290 1128 2360 probaverim
1148 2291 1170 2344 si
1189 2290 1251 2358 quis
1268 2293 1404 2346 murrinos

347 2397 392 2435 cor
406 2381 630 2436 in'niunducntor
648 2379 814 2434 mutandum
832 2381 955 2448 censeat,
975 2396 1039 2433 eum
1053 2378 1088 2433 ob
1103 2379 1284 2448 Amploniani
1302 2396 1404 2434 memo·

347 2469 419 2522 riam
437 2486 508 2538 quae
528 2470 571 2524 est
589 2478 689 2535 norw,
713 2471 773 2523 tum
796 2467 917 2523 maxime
936 2469 972 2522 ob
991 2469 1125 2523 manduco
1144 2467 1275 2524 vocabuli
1293 2468 1403 2538 elegan-

347 2557 436 2626 tiam).

332 2755 351 2824 ¹)
375 2755 496 2822 frunisci
518 2753 604 2808 habes
627 2752 703 2822 apud
722 2752 753 2818 Q.
773 2751 934 2820 Claudium,
952 2752 1097 2822 Plautum,
1121 2752 1256 2820 Novium3
1280 2753 1406 2820 frunitus

259 2845 333 2914 apud
352 2843 471 2899 eundem
488 2841 612 2896 Novium
630 2843 659 2895 et
678 2840 825 2909 Catonem,
851 2856 941 2908 neque
961 2839 1040 2894 deest
1057 2840 1087 2894 in
1104 2840 1210 2909 titulis;
1238 2842 1406 2908 fruniscuris

259 2934 334 3003 apud
352 2931 521 2988 Petronium.
551 2929 656 2996 Quibus
674 2928 844 2984 testimoniis
862 2929 931 2983 haee
950 2928 1022 2984 adde
1041 2945 1075 2982 ex
1093 2929 1193 2999 glossis
1212 2930 1314 2999 petita:
1333 2932 1406 2998 fru-

258 3023 426 3076 niscitur=
445 3020 561 3087 fruitur,
579 3019 721 3086 intercipit
739 3017 810 3086 (cod.
829 3016 980 3071 Vossianus
998 3017 1058 3072 Fol.
1071 3023 1118 3084 82;
1145 3018 1260 3088 glossar.
1281 3019 1406 3076 Salomo-

258 3110 313 3178 nis;
332 3109 449 3179 PapIas:
472 3107 501 3161 in
520 3107 602 3176 gloss.
623 3106 808 3160 Hildebrandi
825 3125 853 3175 p.
870 3111 929 3175 148,
939 3111 991 3160 259
1010 3107 1119 3173 fruetus
1136 3123 1187 3176 pro
1205 3108 1312 3174 fruitur
1330 3126 1406 3163 men-

256 3199 326 3252 dum
344 3197 455 3252 videtur
474 3212 533 3251 esse
557 3195 740 3265 typographi,
769 3212 833 3249 curn
851 3195 1057 3251 Hildebrandus
1079 3213 1130 3265 pro
1153 3197 1294 3266 intercipit
1310 3198 1340 3253 in
1359 3199 1406 3253 ad-

258 3285 402 3342 notatione
421 3286 462 3339 net
480 3285 601 3352 percipit
619 3282 796 3363 scribendum
818 3286 980 3354 proponat);
1006 3285 1183 3351 frunitus:
1206 3286 1327 3352 fructus:
1350 3305 1407 3342 non

259 3381 297 3430 est
316 3376 435 3429 iutinnrn
453 3373 524 3443 (eod.
539 3373 682 3428 Leidensis
694 3375 755 3429 67Ε
770 3375 788 3430 f.
799 3382 889 3444 wa,
911 3393 982 3444 quae
1001 3375 1095 3445 glossa
1114 3392 1199 3443 quam
1218 3378 1407 3433 memorabilis

260 3465 297 3520 sit
311 3465 466 3534 intelleges,
480 3463 529 3518 ubi
544 3461 666 3518 Gellium
680 3465 767 3534 XVII,
778 3472 802 3534 2,
814 3470 828 3519 5
848 3464 883 3519 de
897 3465 1018 3531 frunisci
1031 3464 1117 3518 verbo
1135 3464 1318 3521 disserentem
1331 3485 1407 3522 com-

259 3553 416 3623 paraveris:
450 3552 548 3608 ‘rarius
575 3551 689 3622 quidem
711 3553 765 3608 fua
787 3554 817 3607 iu
840 3555 933 3608 aetate
957 3553 994 3608 M.
1015 3552 1102 3606 Tullii
1124 3569 1157 3607 ae
1180 3553 1311 3625 deinceps
1333 3556 1406 3612 infra

260 3639 445 3707 rarissimum,
473 3641 726 3710 dubitatumque
757 3644 808 3697 est
834 3641 874 3696 ab
901 3642 1065 3712 inperitis
1093 3641 1333 3713 antiquitatis,
1366 3662 1406 3700 an

260 3730 407 3785 latinum
424 3730 515 3785 toret
528 3731 546 3798 ).
1427 3735 1435 3742 '

334 3818 526 3887 ²)*Exst1'tisse
550 3819 635 3874 etiam
659 3821 781 3874 cometus
804 3820 922 3874 formam
944 3819 1043 3874 Festus
1062 3819 1144 3873 Pauli
1161 3805 1189 3889 p
1210 3826 1251 3890 58,
1268 3829 1283 3877 6
1303 3826 1407 3878 auctor

261 3909 316 3962 est:
347 3907 530 3962 ‘comodum
553 3907 626 3961 bona
645 3925 695 3961 sun
713 3910 923 3962 consumentem
942 3907 1051 3976 antiqui
1070 3908 1220 3966 dixerunt’.
1257 3911 1312 3966 Ubi
1332 3913 1407 3981 quod

263 3995 294 4049 Ο,
309 3995 459 4050 Muellerus
477 3997 549 4051 haue
568 3996 685 4050 formam
704 4013 721 4051 a
740 3997 799 4051 solo
818 3997 906 4052 Paulo
927 3999 1067 4052 servatam
1086 4014 1143 4051 esse
1163 3997 1288 4068 adnotat,
1308 4001 1405 4056 dubito

261 4102 327 4138 num
354 4089 384 4138 re
411 4101 478 4139 vera
503 4085 545 4140 ita
573 4101 601 4138 se
629 4085 740 4139 habeat.
783 4087 859 4140 Inter
888 4085 1018 4140 ‘affatim'
1048 4085 1123 4140 enim
1152 4086 1257 4156 glossas
1281 4089 1325 4155 (ef.
1345 4091 1405 4145 cod.

260 4171 425 4227 Leidensem
444 4174 554 4228 crn1f.
576 4179 649 4228 1ng
668 4177 698 4227 et
715 4173 775 4228 cod.
795 4175 963 4230 Beruensem
982 4181 1035 4229 224
1052 4175 1071 4228 f.
1091 4176 1192 4252 297¹a)
1212 4178 1302 4232 exstat
1319 4177 1406 4234 etiam

262 4263 398 4330 comicus}
426 4264 475 4332 qui
499 4265 612 4317 connectit
635 4263 685 4331 (sie
708 4263 866 4333 Beruensis,
892 4265 1007 4319 comedet
1029 4263 1197 4332 Leidensis),
1225 4281 1310 4333 quam
1338 4267 1404 4322 scri-

261 4349 383 4403 bendam
401 4352 468 4420 puto
488 4351 657 4406 consciust
676 4353 725 4421 qui
743 4353 862 4408 coneedit.
901 4351 1104 4424 Comprobatur
1123 4351 1282 4408 coniectura
1299 4356 1345 4410 vel
1363 4373 1404 4424 eo,

263 4439 337 4508 quod
355 4438 418 4507 ipsa
435 4440 504 4494 haec
523 4438 617 4510 glossa
634 4456 699 4509 pars
718 4443 760 4496 est
778 4441 882 4496 ordinis
900 4441 936 4496 ad
955 4443 1155 4498 comissantium
1175 4442 1204 4496 et
1217 4445 1406 4502 concedendurn
