3222 5122
713 363 756 374 -
802 326 867 394 aas
915 363 954 374 -

352 488 472 575 xxvi,
490 487 534 554 66
557 485 603 575 (p.
623 485 695 574 aa:

404 595 447 661 Di
456 595 619 661 mouerint
630 593 776 678 meliora,
786 592 962 660 amentiam
973 594 1293 660 averruncassint
1306 595 1410 660 tuam!

45 769 49 776 ,
169 723 171 727 ’
264 702 332 768 Aut
368 703 409 768 ad
443 703 530 768 hunc
561 701 682 784 Lucili,
719 703 776 765 aut
811 700 852 765 ad
883 699 1005 767 Pacuvi
1037 723 1167 766 versum
1197 701 1260 765 112
1295 697 1340 786 (p.
1368 701 1410 766 90

265 809 360 875 Ribb.
379 805 502 894 'lbagffi
527 807 565 874 cf.
590 808 726 872 eundem
745 803 941 872 ‘Corollarii’
964 831 995 892 p.
1010 804 1147 893 LXXII)
1170 807 1340 872 referenda
1362 811 1411 872 est

266 917 390 984 Placidi
405 941 437 1002 p.
451 917 511 1001 5,9
531 916 643 1001 glossa
661 915 988 984 acerraacossiut:
1007 915 1167 982 6666666666
1178 915 1224 980 cel
1238 915 1410 980 6666666666.

354 1023 459 1108 XVII,
478 1023 555 1107 bsq.
578 1020 624 1110 (p.
644 1020 713 1109 72):

424 1129 513 1198 Num
536 1151 647 1196 censes
671 1178 958 1196 ..........

426 1234 667 1321 Conpernem
691 1238 747 1302 666
769 1257 882 1300 varam
905 1235 1006 1300 fuisse
1030 1232 1269 1316 Ἀμφιτρύωνος
1292 1233 1411 1300 ἄκοιτιν

425 1341 639 1408 Alcmenam?

558 1449 774 1533 cooperata:
795 1448 923 1532 9666666
945 1449 1116 1532 conpressis

354 1554 416 1610 eod.
431 1553 648 1624 Amplonianus²
665 1573 693 1624 p.
708 1559 770 1622 289,
781 1559 846 1608 6696
866 1555 990 1623 cooperis
1005 1594 1047 1610 ...
1063 1552 1201 1622 conpresis
1220 1551 1314 1606 codex.
1342 1551 1412 1606 Och-

354 1644 428 1698 lerus
446 1642 537 1708 edidit
558 1644 673 1713 percitus
695 1643 777 1712 ipsis,
803 1641 968 1711 compendio
991 1641 1063 1712 apsis
1086 1643 1113 1697 h.
1135 1658 1157 1696 e.
1178 1640 1333 1710 conprensis
1355 1639 1413 1694 sive

355 1733 492 1800 conpreais
509 1731 649 1787 inductus.

639 1823 855 1906 cooperata.
880 1822 1036 1902 cdupnpoc

354 1927 524 1983 Ph1loxenus
542 1946 570 1998 p
589 1933 633 1996 49,
647 1933 690 1982 26.

181 2063 184 2070 ·
266 2021 343 2086 Non
366 2043 417 2085 me
440 2020 525 2104 fugit
549 2017 707 2084 etiamad
725 2017 877 2082 Plautum
900 2016 1311 2103 (of.Festt.ump375,20)
1334 2017 1414 2082 haec

267 2129 413 2210 spectare
436 2148 545 2209 posse,
569 2127 626 2211 qui
649 2124 880 2208 scripserit.
895 2128 978 2191 666
996 2148 1110 2190 varum
1129 2129 1186 2190 aut
1203 2124 1335 2210 valgum
1359 2128 1415 2190 aut

250 2219 510 2318 ‘compernem
534 2236 591 2298 666
613 2235 746 2317 paetum
769 2282 775 2297 .
796 2281 803 2296 .
822 2231 840 2295 .’
888 2229 1040 2296 Ceterum
1061 2231 1201 2314 Noniae,
1225 2232 1279 2317 qui
1303 2254 1413 2297 versus
1455 2309 1462 2322 .
1495 2285 1504 2298 .

267 2339 343 2405 illos
357 2339 542 2405 Lucilianos
563 2339 717 2422 servavit,
740 2357 912 2418 compererat
934 2359 1050 2422 parum
1069 2339 1215 2401 accurate
1234 2341 1271 2402 66
1289 2338 1415 2402 videtur

269 2447 317 2510 ait
340 2444 414 2509 ‘diei
438 2445 537 2527 longis
553 2443 710 2528 pedibuc'3
740 2444 844 2510 multo
868 2444 984 2508 melius
1008 2445 1264 2528 interpretantur
1287 2446 1414 2530 glossae

269 2554 416 2644 nostrae,
445 2552 635 2635 quibuscum
664 2551 826 2617 consentit
848 2550 963 2615 Festus
987 2550 1081 2616 Pauli
1103 2573 1133 2633 p.
1156 2552 1210 2634 41,
1231 2553 1262 2615 1:
1300 2550 1414 2616 ‘com-

268 2680 407 2744 pernes
423 2737 427 2744 ἱ
444 2659 653 2724 nominantur
692 2658 840 2723 homines
882 2659 1043 2742 genibus
1084 2658 1157 2742 plus
1198 2658 1285 2723 iusto
1328 2679 1414 2722 con·

271 2765 440 2832 iunctis'.

358 2871 459 2956 XXX,
479 2872 520 2938 89
530 2894 636 2956 sq
601 2869 645 2957 (p.
667 2867 758 2956 127):

430 2978 575 3044 inluvies
599 2977 724 3044 scabies
749 2978 858 3042 oculos
881 2977 957 3042 huic
980 2978 1090 3092 deque
1112 2981 1177 3062 pet
1183 2978 1246 3063 igo
1304 2961 1308 2968 ¹

430 3082 710 3150 Conscendere..

611 3191 730 3272 depet‘
717 3208 795 3273 epo:
820 3191 935 3270 λέπρα,
960 3193 1069 3271 λειχήν

358 3293 527 3348 Philoxenus
546 3312 572 3363 p.
590 3299 632 3362 68,
645 3299 674 3348 2:
694 3293 831 3363 depertipo
850 3294 923 3363 cod,
943 3295 1103 3350 emendavit
1123 3295 1256 3366 Scaliger.

271 3385 395 3449 Eadem
418 3407 481 3449 vox
505 3383 589 3469 apud
613 3381 769 3448 06666666
793 3387 908 3450 exstat.

359 3490 454 3556 XXII
477 3490 572 3576 frgm.
595 3490 628 3556 Il
651 3513 679 3557 ν.
699 3491 776 3575 3sq.
800 3487 846 3577 (p.
866 3489 937 3576 76):

430 3595 589 3662 Defusum
613 3620 630 3662 e
652 3597 749 3682 pleno
775 3597 837 3662 siet
864 3597 925 3662 hir
948 3597 1139 3684 siphoneve,
1166 3601 1218 3665 cui
1240 3601 1288 3665 nil

528 3702 658 3789 Durist,
682 3727 755 3770 cum
778 3705 834 3769 nix
859 3708 892 3771 66
915 3707 1060 3770 66666166
1086 3707 1257 3772 abstulerit

274 3811 338 3876 Hic
362 3810 494 3874 sirecte
512 3808 575 3873 viri
595 3809 681 3875 docti
699 3810 750 3875 be'r
768 3811 994 3894 restituerunt,
1017 3811 1121 3895 quode
1143 3812 1286 3880 dubitari
1308 3819 1418 3900 potest

273 3939 341 3984 non
372 3915 577 3981 mediocriter
585 3914 623 4002 1),
656 3918 696 3982 ad
728 3923 857 3983 versum
884 3918 1087 3984 Lucilianum
1115 3943 1213 3986 unam
1241 3923 1417 3989 alteramve

273 4047 311 4089 ex
334 4024 423 4088 hisce
447 4023 567 4107 glossis
590 4024 786 4091 rettulerim:

347 4182 366 4251 ¹)
390 4181 492 4236 Versus
511 4166 635 4236 omnium
653 4181 707 4237 66
728 4175 811 4238 fauo
829 4181 1036 4237 Lusitanorum
1059 4183 1143 4238 6666
1162 4186 1227 4240 sune
1250 4185 1416 4255 difficillimi,

272 4287 363 4338 neque
387 4287 439 4341 ago
462 4269 613 4339 quicquam
637 4270 670 4324 de
695 4271 734 4325 eis
760 4271 935 4338 coniecturae
960 4271 1083 4341 proferre
1106 4274 1202 4328 audeo.
1240 4274 1300 4329 Hoc
1323 4277 1417 4330 autem

274 4359 343 4434 adeo
366 4375 416 4429 pro
435 4361 510 4414 certo
534 4359 671 4414 contendo
695 4377 794 4428 parum
818 4359 939 4414 feliciter
957 4361 991 4414 H.
1010 4361 1205 4430 Rumpfium
1227 4362 1257 4416 in
1275 4381 1418 4434 program-

274 4449 358 4503 matis
379 4449 446 4503 ‘tres
460 4449 721 4504 commentationes'
742 4449 869 4521 inscripti
883 4451 912 4504 et
925 4450 1102 4506 Francofurti
1117 4453 1152 4507 ad
1165 4451 1296 4506 Moenum
1312 4469 1336 4507 a.
1348 4457 1415 4509 1868
