3216 5126
544 293 548 300 '
661 309 899 373 -rer-

301 464 529 534 Sed'nondum
553 466 661 531 omnia
684 487 765 550 quae
788 467 840 530 his
864 469 1019 550 quattuor
1040 465 1128 529 foliis
1148 465 1355 529 continentur

211 575 450 661 descripsimus:
484 573 603 638 etenim
633 574 671 638 'in
701 573 723 638 f.
749 573 878 638 123r
910 576 1039 656 praeter
1071 594 1110 636 ea
1142 593 1223 656 quae
1256 591 1355 654 supra

211 681 470 746 enumeravimus
489 679 744 763 ,quinquaginta
781 683 905 763 septem
942 681 1070 764 glossae
1107 700 1193 742 mere
1232 677 1356 742 latinae

107 775 119 796 ⁶
178 819 184 824 ·
212 791 341 852 exstant
363 788 399 852 in
420 786 535 872 spatiis
559 786 669 850 vacuis
692 786 861 851 exterioris
880 786 1032 871 cuiusque
1051 785 1191 870 paginae
1209 807 1277 849 non
1299 784 1355 847 ob·

213 897 341 960 servato
374 894 557 958 litterarum
584 893 696 964 ordine
729 891 872 976 additae,
905 893 994 958 velut
1021 892 1042 958 f.
1068 894 1107 956 1v
1135 891 1356 955 ‘Procurrerez

213 1005 417 1065 antecurrere
462 981 686 1084 Marsupiurir:
706 999 834 1064 seculus
848 1021 1021 1064 numcrum
1062 997 1225 1082 Aporior:
1244 995 1358 1080 afligor

147 1153 151 1159 -
212 1105 375 1171 Almitas:
410 1107 566 1184 sanctitas
625 1105 801 1171 Linificus:
839 1105 955 1190 dulcis,
992 1103 1096 1169 lenis'.
1151 1103 1232 1168 llius
1270 1101 1358 1167 modi

5 1173 6 1250 l
109 1276 111 1280 ,
213 1213 342 1297 glossas
370 1213 405 1277 in
426 1213 448 1278 f.
470 1215 509 1277 1v
531 1212 650 1297 viginti
675 1234 743 1291 sex,
775 1211 797 1277 f.
812 1213 849 1276 2²
872 1211 1054 1295 duodecim,
1086 1190 1168 1275 iii
1192 1211 1377 1306 quattuor-¹

215 1319 333 1403 decim,
350 1319 377 1404 ¹f.
395 1320 432 1384 3²
456 1319 595 1404 quinque
618 1319 728 1390 habes.

301 1424 458 1490 Extrema
473 1425 627 1509 glossarii
645 1448 721 1509 pars
736 1430 865 1490 centum
881 1430 914 1490 et
928 1426 1046 1511 viginti
1060 1429 1127 1490 tres
1143 1426 1270 1509 glossas
1284 1423 1358 1487 lati·

215 1554 275 1596 nas
298 1532 446 1617 neglecto
471 1530 584 1596 ordine
607 1530 792 1595 litterarum
810 1535 982 1616 congestas
1002 1531 1258 1615 comprehendit:
1282 1529 1304 1595 f.
1322 1529 1360 1594 5²

157 1644 161 1648 ’
215 1631 433 1721 ‘philoxeniat
450 1659 541 1702 amor
555 1641 605 1702 est
618 1636 778 1702 donorum
820 1640 961 1702 struma:
978 1635 1121 1702 uarietas
1164 1637 1384 1722 diaphonia:¹

213 1743 420 1808 dissonancia
479 1744 631 1828 gumnia:
664 1743 794 1808 nuditas
852 1743 1065 1828 ganimedus:
1095 1766 1174 1828 puer
1201 1747 1314 1827 raptus
1343 1765 1362 1806 a

214 1854 343 1934 turpem
372 1874 481 1934 usum;
508 1851 642 1935 ponitur
655 1872 741 1922 ‚uero
765 1873 824 1935 pro
848 1852 939 1915 omni
961 1849 1173 1934 turpitudine’
1196 1849 1362 1934 usquead

214 1955 236 2020 f.
257 1957 296 2019 pv
319 1955 482 2022 ‘enteca
506 1956 727 2042 supellectile'.
778 1957 868 2022 Haec
892 1961 942 2022 est
965 1959 1089 2042 optima
1111 1957 1214 2023 totius
1238 1955 1361 2040 glossa-

215 2063 257 2127 rii
288 2084 380 2147 pars,
409 2085 491 2147 quae
520 2063 746 2128 memorabiles
779 2065 906 2148 glossas
939 2066 1027 2130 haud
1058 2086 1177 2148 paucas
1208 2062 1362 2126 continet.

155 2165 159 2171 ’
217 2165 367 2232 Ceterum
390 2169 412 2233 f.
427 2169 468 2232 θ’
491 2169 619 2252 glossae
643 2169 798 2234 tredecim
822 2172 984 2235 extremae
1009 2193 1047 2235 ex
1069 2168 1273 2254 Fulgentii
1297 2181 1361 2232 ser·
1451 2167 1455 2176 '

172 2349 183 2356 ⁸
216 2297 348 2354 monum
373 2275 580 2358 antiquorum
604 2275 804 2359 expositione
834 2275 968 2341 haustae
993 2265 1077 2342 sunt.
1117 2275 1218 2342 Velut
1241 2275 1281 2340 cf.
1307 2296 1362 2339 sex
1478 2315 1482 2326 ·

215 2382 362 2465 primast

429 2521 557 2577 Glossae:
842 2582 844 2588 ,
989 2524 1166 2600 Fulgentius:

216 2625 371 2695 frigutaret
391 2627 531 2682 subtiliter
549 2627 691 2697 adgarrire
803 2647 830 2698 p.
846 2635 962 2700 tomi:
981 2629 1123 2701 friguttire
1149 2631 1250 2685 dicitur
1276 2629 1363 2682 subti-
1470 2679 1472 2685 .

1016 2719 1082 2772 liter
1100 2718 1243 2789 aggarrire

217 2803 363 2858 catissare:
383 2804 490 2878 alipn'as
505 2805 603 2860 domus
617 2805 739 2874 circuire,
759 2822 776 2859 a
804 2823 831 2875 p.
847 2812 945 2875 563‚4:
982 2805 1108 2861 catissare
1124 2806 1226 2860 dicitur
1243 2823 1294 2876 per
1313 2805 1363 2860 ali-

289 2892 389 2947 catulis
407 2895 528 2948 tractum
1017 2911 1084 2950 enas
1098 2895 1196 2950 domus
1211 2893 1363 2949 infrontate

1017 2983 1122 3054 gnare,
1142 2984 1274 3038 acutulis
1291 2985 1363 3038 trac-

1017 3074 1078 3126 tum
1257 3087 1263 3099 ·
1321 3067 1324 3072 ⁸

218 3175 331 3227 promus
345 3160 375 3212 et
389 3147 507 3238 contusa
522 3159 777 3228 cellariaeoquod
804 3178 830 3229 p.
847 3155 962 3228 563‚18:
981 3175 1092 3229 promos
1120 3163 1150 3216 et
1177 3161 1281 3215 condos
1308 3160 1364 3215 dici

289 3247 365 3300 intus
384 3248 506 3302 condant
997 3273 998 3276 ¹
1018 3249 1167 3304 voluerunt
1185 3250 1311 3318 cellaria,
1332 3266 1364 3304 eo

1018 3339 1093 3406 quod
1110 3338 1221 3394 deintus
1234 3340 1366 3408 promant

1018 3429 1047 3481 et
1064 3427 1139 3482 intus
1158 3428 1281 3482 condant

220 3513 368 3590 suppetipz
387 3513 492 3568 auxilia
805 3533 832 3584 p.
848 3519 964 3584 563,24:
984 3517 1127 3586 suppetias
1150 3515 1267 3571 dicimus
1289 3517 1364 3570 auxi·

862 3635 864 3638 >
1018 3604 1088 3659 lium

221 3689 401 3746 anasiternar
420 3707 492 3766 aque
511 3708 588 3760 urna,
607 3693 625 3745 i·
644 3708 756 3746 urceum
806 3685 832 3761 p.
848 3697 965 3761 coac&
984 3693 1194 3749 mnasitcrnam·
1213 3693 1312 3748 meunt
1338 3710 1365 3746 a·

1020 3797 1090 3849 quac
1121 3797 1234 3850 urnam,
1265 3781 1296 3835 id
1323 3783 1366 3836 est

891 3869 894 3876 ’
999 3885 1133 3922 aurccum

221 3956 329 4029 lpmbus
352 3958 415 4013 estc
441 3974 529 4027 genus
552 3958 680 4014 nauicule
703 3959 779 4013 uelo·
807 3976 834 4026 p.
850 3963 949 4026 564,4:
985 3957 1094 4012 lembus
1114 3960 1156 4012 cst
1180 3975 1268 4028 genus
1286 3959 1365 4012 naui-

292 4045 403 4118 cissimp
1020 4047 1108 4101 cellae
1126 4045 1316 4102 velocissimae

311 4206 358 4292 ΙΙ)
382 4207 530 4275 Alterum
554 4210 748 4295 glossarium
772 4210 1013 4274 miscellaneum
1033 4209 1234 4274 simillimum
1255 4215 1305 4274 est
1324 4212 1365 4276 ab

143 4356 155 4381 ·
224 4317 356 4379 externa
374 4314 494 4399 specie,
513 4315 595 4380 alias
613 4318 724 4380 tamen
743 4316 871 4399 glossas
886 4314 1025 4398 undique
1040 4317 1212 4396 congestas
1226 4316 1366 4384 exhibet.

223 4420 341 4485 Exstat
368 4422 403 4485 in
430 4421 648 4486 bibliothecae
675 4421 841 4486 Leidensis
869 4419 936 4486 cod.
959 4419 1121 4486 Vossiano
1146 4419 1215 4487 Oct
1239 4423 1295 4510 88,
1327 4425 1367 4489 de

277 4535 369 4586 Istuc,
383 4535 410 4574 de
424 4535 492 4583 gloss.
506 4536 546 4576 lat.
1121 4530 1152 4578 11
