3222 5122
657 293 899 357 -295—

209 477 298 518 secus
332 453 486 520 adiectas:
523 453 596 517 vide
628 453 864 536 praefationem
896 476 926 536 p.
950 452 1057 538 quq.
1103 453 1213 520 Aliam
1246 460 1354 521 autem

208 583 277 626 esse
312 560 472 626 rationem
504 559 629 624 Placidi
662 559 844 644 glossarum
879 561 913 626 in
947 560 978 625 G
1010 560 1087 647 (hoc
1115 567 1165 626 est
1192 563 1225 628 in
1258 562 1353 628 ‘libro

208 665 417 754 glossarum')
450 667 659 750 traditarum,
692 689 755 749 quo
788 666 822 730 in
857 688 989 731 numero
1023 669 1145 732 multae
1178 669 1279 734 insint
1312 670 1353 734 ad

207 775 402 860 Vergilium,
433 796 484 836 res
518 773 761 858 grammaticas,
794 773 834 837 al.
863 776 1058 856 spectantes:
1095 775 1128 838 id
1158 776 1243 860 quod
1276 799 1353 840 sane

207 905 316 947 verum
337 885 395 945 est.
427 872 539 964 Neque
556 901 616 944 nos
641 880 779 963 amplius
804 879 988 943 curabimus
1010 901 1064 943 eas
1087 903 1126 944 ex
1149 880 1200 944 his
1225 881 1353 966 glossis,

207 1011 288 1074 quae
311 987 456 1053 noviciae
481 987 615 1072 originis
640 987 779 1070 speciem
803 989 914 1070 aperte
941 1008 1019 1069 prae
1048 1009 1082 1050 se
1110 988 1231 1072 ferunt,
1261 1011 1352 1071 prae-

206 1075 317 1161 sertim
341 1117 414 1160 cum
437 1095 477 1159 de
500 1093 591 1158 nulla
611 1093 747 1178 suspitio
768 1093 845 1157 oriri
869 1114 934 1157 non
958 1094 1063 1177 possit
1085 1093 1210 1159 Placidi
1232 1117 1352 1160 nomen

154 1212 156 1218 '
205 1204 290 1268 falso
323 1201 484 1266 adiectum
517 1223 587 1266 esse
620 1198 662 1285 (v.
691 1199 895 1285 Deuerlingii
927 1201 1162 1283 praefationem
1194 1225 1224 1286 p.
1247 1203 1351 1289 XIII).
1437 1291 1439 1294 Ι

206 1307 358 1374 Ceterum
390 1307 599 1392 Deuerlingio
633 1328 758 1392 quoque
796 1306 949 1391 glossarii
980 1305 1193 1391 Plautinitas,
1230 1313 1267 1373 ut
1302 1311 1374 1376 ita,
1421 1348 1424 1358 κ

205 1417 323 1499 dicam,
356 1415 436 1480 adeo
465 1417 553 1479 certa
580 1413 706 1477 videtur
739 1433 822 1492 esse,
856 1415 892 1474 ut
919 1411 1068 1476 Kettneri
1086 1413 1135 1478 de
1164 1416 1349 1498 glossarum

69 1532 74 1539 '
204 1522 427 1586 Plautinarum
452 1521 619 1585 ordinibus
645 1519 827 1603 opinionem
851 1522 888 1581 ut
912 1541 1003 1582 suam
1027 1543 1057 1603 p.
1072 1519 1119 1584 XI
1141 1522 1260 1586 iterare
1283 1546 1348 1589 non

205 1628 340 1693 dubitet.
992 1693 994 1698 .

292 1734 393 1799 Vides
414 1757 510 1818 quam
529 1735 675 1797 diversae
695 1733 761 1796 sint
779 1733 818 1796 de
837 1733 1027 1817 quaestione
1048 1735 1128 1798 satis
1152 1737 1261 1820 gravis
1282 1761 1348 1803 mo·

203 1842 305 1905 menti
322 1841 465 1905 virorum
485 1840 654 1907 docturum
674 1839 860 1902 sententiae.
893 1838 963 1902 lam
983 1842 1019 1902 ut
1038 1862 1102 1924 qua
1121 1840 1159 1904 de
1178 1864 1212 1906 re
1232 1850 1350 1928 agatur

202 1949 299 2032 plane
333 1951 501 2032 appareat,
532 1945 743 2030 repetendum
775 1943 900 2008 videtur
932 1946 1056 2029 quaeri,
1089 1948 1198 2011 utrum
1226 1948 1349 2014 Placidi

203 2055 386 2140 glossarum
410 2057 447 2118 ut
468 2053 529 2118 hac
552 2075 629 2118 voce
658 2056 732 2116 utar
759 2051 911 2134 medulla,
938 2051 1000 2116 hoc
1029 2055 1078 2115 est
1106 2053 1233 2136 glossae
1257 2060 1347 2120 vetu-

203 2162 297 2234 statis
323 2161 462 2246 quadam
490 2161 594 2245 specie
621 2160 780 2244 insignes,
806 2159 902 2225 titulo
929 2160 988 2224 illo
1015 2154 1137 2225 ¹codicis
1162 2159 1347 2227 Corsiniani

202 2269 281 2333 duce
305 2268 344 2332 ad
368 2291 467 2331 unum
491 2267 643 2332 Plautum
666 2267 864 2331 revocandae
889 2267 955 2330 sint
979 2289 1020 2330 an
1047 2267 1086 2330 ad
1116 2267 1196 2342 alios
1221 2291 1347 2354 quoque

201 2381 331 2461 praeter
353 2378 480 2459 poetam
505 2374 705 2441 Sarsinatem
727 2374 843 2439 fontes.
881 2373 952 2450 Qua
975 2374 1013 2437 de
1036 2397 1070 2440 re
1095 2375 1141 2439 sic
1165 2379 1288 2463 statuo,
1311 2380 1348 2441 ut

201 2483 325 2548 Placidi
349 2484 474 2568 glossas
498 2482 538 2545 ad
562 2481 799 2546 vetustissimos
822 2481 1043 2546 Romanorum
1073 2481 1247 2565 scriptores
1276 2507 1346 2569 spe-

201 2595 289 2654 ctare
312 2594 423 2674 putem
447 2612 588 2672 omnes,
618 2588 705 2652 haud
729 2588 823 2652 aliter
848 2591 943 2672 atque
967 2587 1055 2652 Festi
1080 2587 1202 2674 (Verrii
1224 2589 1346 2678 Flacci)

191 2717 330 2780 corpus,
353 2695 519 2760 Plautinas
534 2699 643 2760 autem
662 2695 895 2778 frequentiores
916 2716 985 2757 esse
1006 2694 1086 2758 aliis.
1119 2693 1242 2780 Negari
1260 2698 1346 2761 enim

107 2883 111 2888 ι
172 2783 173 2786 ¹
198 2825 265 2866 non
296 2806 405 2886 potest
439 2824 457 2864 a
485 2801 664 2866 Ribbeckio
698 2805 731 2865 et
757 2799 882 2865 Kochio
911 2823 977 2864 non
1006 2801 1112 2865 nullas
1145 2802 1272 2887 glossas
1304 2806 1346 2872 ad

201 2910 281 2974 alios
314 2913 428 2994 poetas
462 2912 548 2972 recte
583 2908 704 2972 relatas
739 2930 825 2972 esse:
864 2930 967 2992 neque
1006 2908 1122 2973 desunt
1154 2931 1233 2992 quae
1272 2912 1346 2975 addi

200 3016 340 3100 possint,
377 3015 481 3098 quode
513 3015 587 3080 vide
620 3015 725 3079 Musei
756 3015 906 3079 Rhenani
935 3020 958 3079 t.
981 3005 1092 3079 XXXI
1122 3017 1164 3098 (a.
1191 3017 1290 3104 1876)
1313 3042 1344 3102 p.

202 3123 319 3206 llsqq.
351 3120 455 3186 Multo
474 3144 550 3187 vero
574 3123 691 3187 fortius
712 3123 751 3186 ad
774 3125 921 3187 nostram
944 3123 983 3186 de
1006 3123 1067 3187 hac
1090 3144 1124 3186 re
1149 3125 1345 3189 sententiam

200 3229 292 3313 quasi
316 3229 542 3312 compellimur
566 3252 617 3314 eo,
642 3229 727 3315 quod
747 3251 822 3294 non
849 3251 992 3313 paucas
1016 3228 1165 3294 Placidi
1189 3231 1343 3316 glossas

200 3336 245 3400 ad
273 3336 401 3401 Lucili
429 3340 648 3402 saturarum
681 3341 808 3402 certos
840 3358 974 3400 versus
1008 3340 1184 3420 spectare
1213 3337 1344 3403 demon-

199 3445 297 3508 strari
319 3446 435 3528 potest.
480 3443 568 3519 Quae
592 3444 721 3528 quidem
744 3443 828 3507 ratio
853 3443 1004 3526 quoniam
1028 3447 1065 3506 ut
1087 3443 1193 3508 Lucili
1217 3448 1248 3509 et
1271 3443 1342 3509 Pla-

199 3550 261 3614 cidi
298 3548 492 3613 novissimos
529 3549 670 3613 editores
706 3549 755 3612 ita
792 3569 902 3613 omnes
934 3551 1091 3631 quantum
1124 3551 1224 3616 sciam
1256 3553 1342 3617 viros

199 3656 310 3720 doctos
337 3655 435 3738 fugit,
466 3676 582 3738 operae
606 3655 745 3738 pretium
768 3676 838 3718 esse
862 3637 943 3718 duco
966 3655 1064 3736 paulo
1090 3656 1279 3740 explicatius
1304 3659 1342 3723 de

197 3761 250 3825 his
288 3761 406 3844 glossis
445 3781 547 3843 agere.
603 3760 674 3835 Qua
718 3761 752 3824 in
792 3783 826 3824 re
867 3761 1065 3844 reliquorum
1108 3763 1343 3846 glossariorum

85 3889 92 3902 ·
199 3849 325 3952 glossas
348 3866 531 3930 Lucilianos
560 3867 670 3931 statim
702 3867 925 3952 adiungemus,
953 3889 1025 3932 cum
1048 3870 1095 3934 ibi
1124 3892 1250 3955 quoque
1273 3875 1341 3935 tam

197 3973 368 4056 locupletis
391 3973 492 4038 fontis
516 3973 671 4057 reliquiae
696 3978 831 4040 exstent.
868 3973 1109 4060 Comprobandi
1129 3981 1236 4042 autem
1254 3980 1340 4044 ratio

198 4082 309 4146 eadem
333 4081 407 4165 erit,
431 4103 529 4165 quam
552 4081 586 4144 in
610 4080 799 4166 colligendis
815 4081 924 4166 Plauti
947 4083 1065 4168 glossis
1090 4085 1192 4149 secuti
1215 4107 1340 4151 sumus:

197 4189 422 4253 adhibebimus
456 4187 538 4254 ἅπαξ
572 4189 721 4268 εἰρημένα
752 4211 832 4273 quae
866 4194 1023 4255 vocantur
1051 4195 1084 4256 et
1113 4213 1150 4255 ea
1182 4193 1340 4258 vocabula

196 4319 343 4380 perrara,
367 4318 504 4379 quorum
528 4296 656 4360 eosdem
681 4318 774 4360 casus
798 4299 832 4360 et
855 4297 937 4380 apud
956 4297 1117 4362 Lucilium
1141 4299 1231 4363 otiu
1254 4300 1339 4384 glos·

198 4403 242 4468 sis
267 4401 478 4486 repperimus.
889 4411 892 4420 ‘
