3222 5122
650 290 891 355 -315-

197 453 366 518 sinumna'
386 451 635 534 suppeditabunt,
656 450 660 534 Ι
680 452 780 516 cauus
802 451 988 535 empleuron,
1011 450 1245 532 mamphulas
1267 470 1345 531 quaa

197 560 276 625 sciat
297 557 418 624 cmuis’.
998 549 1000 554 ’

287 664 339 729 Ad
363 665 501 729 alterum
524 686 654 729 versum
676 663 756 728 haec
780 664 892 747 glossa
915 667 1054 747 spectat:

523 769 773 854 mamphulas:
791 792 892 852 panes
913 757 1017 854 spat

288 876 348 932 eod.
366 867 512 931 Bernerisis
531 879 583 929 258
602 874 620 928 f.
637 880 729 928 180'0
748 875 903 943 (mamphile
916 891 1026 942 pannas
1043 875 1140 942 siries).
1212 905 1216 914 ·

197 969 369 1034 Praeterea
392 990 465 1033 cum
483 967 600 1049 pistrix
622 965 817 1030 vocabulum
839 964 902 1030 nisi
925 966 960 1029 in
983 966 1045 1030 hoc
1058 988 1159 1052 ‚versu
1182 987 1342 1048 nusquam

198 1076 355 1140 traditum
385 1079 504 1157 exstet,
533 1072 704 1138 Philoxeni
732 1071 861 1156 glossae
884 1095 914 1156 p.
940 1073 1012 1156 162,
1030 1073 1069 1136 19
1086 1072 1225 1154 pistris:
1250 1077 1344 1151 uince

198 1183 249 1247 καὶ
272 1179 495 1261 ἀρτοποιόε,
518 1202 600 1264 quae
624 1201 641 1244 e
666 1179 789 1244 duabus
813 1179 902 1244 hisee
973 1187 976 1192 “

617 1287 755 1368 pistrix:
779 1292 874 1366 utro<

382 1477 385 1484 Ι
617 1394 755 1475 pistrix:
780 1392 953 1472 ἀρτοποιό(
1040 1375 1046 1382 ’

198 1503 232 1567 in
259 1524 358 1567 unam
386 1502 552 1568 contracta
580 1504 643 1583 est,
672 1501 810 1564 alteram
837 1503 964 1584 partem
992 1500 1033 1565 ad
1055 1498 1216 1564 Lucilium
1244 1502 1344 1562 rettu-

198 1609 301 1673 lerim.
334 1607 457 1674 Contra
475 1606 562 1691 qnod
581 1606 781 1672 Onomastici
799 1629 830 1690 p.
847 1608 907 1670 111
927 1607 1064 1688 pistrix:
1087 1607 1107 1686 ἡ
1127 1604 1287 1688 (ιτοποιόε
1311 1608 1344 1668 et

200 1713 340 1778 Osberni
362 1736 392 1797 p.
411 1713 477 1779 415
494 1714 614 1795 pistrix
641 1763 648 1778 .
672 1764 679 1778 .
704 1764 710 1778 .
735 1735 796 1796 pro
825 1714 952 1778 multae
983 1713 1110 1791 alatur,
1139 1733 1217 1794 quac
1242 1713 1345 1794 pinsit

199 1823 288 1887 locos
309 1821 460 1900 cisterci]
481 1819 671 1902 curavimus
690 1820 753 1885 hoc
772 1820 868 1885 certis
888 1820 926 1884 de
946 1818 1126 1884 rationibus
1145 1817 1268 1882 factum
1287 1822 1345 1884 est.

287 1943 360 2009 XII.
392 1945 520 2010 Nonius
543 1966 574 2027 p.
599 1944 726 2025 88,16:
759 1942 926 2008 ‘canicas
954 1947 1079 2008 veteres
1106 1942 1260 2022 furfures¹
1275 1966 1345 2008 esse

197 2053 379 2118 volnenmt.
425 2050 566 2116 Lucilius
599 2049 655 2112 lib.
678 2047 804 2113 XXVlI
838 2048 947 2134 [frgm.
971 2048 1048 2113 XXI
1075 2071 1106 2132 p.
1130 2048 1203 2130 93]:
1235 2051 1346 2132 quanli

197 2159 283 2224 uellet
304 2163 325 2241 †
345 2180 440 2241 quum
467 2157 616 2224 eunicus
643 2157 687 2220 ud
708 2156 826 2238 pulum
848 2175 864 2220 e
886 2158 1023 2221 maeonis
1045 2155 1164 2222 muuu'.
1210 2155 1345 2222 Glossae

198 2269 343 2331 nostrae:

242 2373 411 2437 eunicae:
433 2372 573 2453 furfures
591 2371 657 2437 cod.
673 2368 963 2454 Sangermanensis
982 2369 1035 2434 Du
1049 2370 1152 2435 Rieuo
1175 2374 1258 2435 teste
1281 2367 1345 2456 (cu

317 2513 320 2521 ·
357 2480 436 2570 nictq
457 2479 514 2561 far
534 2475 646 2564 fures);
671 2477 738 2542 cod.
753 2476 919 2541 Leidensis
936 2475 1015 2542 671)
1034 2477 1055 2543 f.
1074 2478 1155 2542 ll¹a
1179 2474 1344 2565 (camiclpg

216 2665 219 2672 ⁴
357 2585 477 2671 Papias
500 2582 671 2670 (cantatae).

197 2673 203 2685 ’
242 2693 412 2758 eunicus:
434 2692 575 2773 furfures
597 2692 791 2777 glossarium
816 2689 1000 2756 Salomonis
1023 2691 1044 2757 f.
1064 2693 1167 2776 2l'a3
1190 2689 1258 2756 Mai
1281 2690 1344 2756 Vll

94 2789 95 2794 ¹
155 2805 173 2820 '¹
358 2821 389 2882 p.
409 2798 499 2863 oola
521 2795 684 2883 (conatus)
709 2821 725 2862 e
750 2798 859 2863 codiee
883 2797 1032 2862 Palatino
1059 2798 1153 2862 1773.

198 2904 316 2969 Miram
344 2907 485 2970 concedo
513 2926 583 2970 esse
611 2905 746 2969 cautelas
774 2905 859 2989 apud
881 2904 1006 2968 Maium
1035 2905 1242 2989 scripturam,
1273 2928 1345 2972 eum

197 3012 342 3095 proxime
363 3013 495 3077 accedat
515 3011 555 3075 ad
578 3010 667 3075 ‘libri
686 3009 881 3095 glossarum'
904 3011 1031 3094 reliqua
1044 3012 1241 3077 testimonia.
1273 3013 1345 3077 Iam

198 3140 271 3183 cum
290 3118 442 3203 glossarii
458 3111 640 3183 Salomonis
659 3117 817 3183 memoria
835 3119 976 3183 eunicus:
994 3119 1135 3201 furfures
1152 3120 1244 3184 valde
1263 3121 1344 3185 mihi

199 3228 351 3316 suspecta
375 3225 419 3290 sit
436 3262 473 3272 —-
495 3225 622 3290 videtur
640 3225 727 3290 enim
747 3247 763 3288 e
781 3223 890 3291 Nonio
914 3225 1057 3309 fluxisse,
1081 3226 1191 3310 qualia
1215 3227 1344 3312 quidem

199 3332 346 3416 exempla
364 3332 398 3396 in
416 3333 487 3418 ipso
512 3331 607 3396 ‘libro
626 3330 822 3417 glossarum'
846 3334 975 3396 exstant
998 3333 1101 3416 nulla,
1124 3333 1159 3398 in
1182 3334 1343 3419 glossario

200 3439 385 3505 Salomonis
408 3438 606 3523 paucissima
615 3435 639 3522 ¹)
666 3473 720 3521 —‚
751 3459 818 3501 non
840 3436 952 3501 dubito
978 3438 1055 3522 quin
1078 3438 1184 3505 Maius
1208 3443 1345 3508 canulas

198 3546 283 3611 falso
316 3545 459 3610 ediderit
484 3544 588 3628 sitque
621 3545 655 3608 in
687 3543 838 3609 Palatino
870 3545 979 3627 potius
1012 3547 1147 3611 canutus
1179 3549 1345 3632 scriptum.

198 3651 275 3717 Non
306 3653 444 3717 debebat
472 3650 547 3716 Luc.
570 3649 747 3715 Muellerus
774 3650 865 3714 Festi
887 3672 917 3733 p.
936 3631 1034 3734 4‘6‚1
1066 3653 1211 3736 glossam
1243 3657 1344 3718 cani·
1381 3725 1386 3736 ¹

198 3777 278 3824 cac:
306 3739 448 3840 furfures
474 3759 510 3822 dc
535 3758 623 3839 forre
647 3777 669 3820 a
695 3757 759 3821 cibo
786 3776 899 3822 canum
925 3762 1048 3822 uoculae
1075 3760 1345 3845 praetermittere,

200 3885 281 3949 quae
304 3864 384 3929 item
407 3863 448 3928 cd
471 3885 601 3929 versum
619 3862 823 3929 Lucilianum
842 3867 978 3948 spectet
1010 3863 1098 3930 Num
1121 3866 1239 3932 codicis
1254 3867 1345 3932 Vati-

274 4147 293 4216 ¹)
318 4147 434 4202 Praeter
456 4150 586 4202 conlocat
609 4148 733 4215 furfurum
755 4148 863 4206 nullum
887 4148 953 4203 novi
976 4147 1068 4202 locum
1092 4149 1140 4216 qui
1163 4148 1200 4202 ad
1223 4148 1344 4202 Nonium

199 4235 289 4290 redire
308 4236 436 4291 videatur
454 4236 507 4292 nisi
526 4238 697 4293 bellatores:
715 4238 880 4292 maliciosus:
901 4237 934 4290 cl.
955 4237 1077 4291 Nonium
1095 4255 1122 4305 p.
1143 4242 1185 4307 79,
1200 4242 1233 4291 25
1253 4238 1344 4292 bovi·

200 4328 349 4390 autores,
368 4340 434 4394 quos
452 4341 527 4384 uuae
540 4325 731 4386 malitiosos
751 4367 801 4386 ...
820 4325 950 4396 dicimus,
969 4325 1018 4380 ubi
1036 4324 1102 4383 libri
1120 4325 1178 4384 fere
1193 4327 1354 4393 bobiutcreu.

200 4412 341 4471 exhibent.
