3222 5122
657 303 900 371 -329-

421 464 475 529 ir:
501 464 598 545 θέναρ

296 567 464 624 Philoxenus
483 585 510 638 p.
532 573 591 638 108,
606 573 653 635 243
671 566 748 622 idam
765 585 793 638 p.
813 571 873 637 125,
888 573 931 622 31.

420 659 455 723 ir
465 676 478 722 εἸ
498 659 712 726 indeclinabile
734 665 792 737 esi;
815 661 903 745 ocius
923 663 1020 741 θέναρ

299 761 419 832 Cyrillus
437 779 464 831 p.
484 767 545 832 489,
561 767 602 817 58.

421 856 476 919 ir:
501 856 611 935 θέναρ,
634 854 672 920 τὸ
695 857 808 922 κοῖλον
831 859 887 938 τῆ(
910 856 1016 937 χειρόε

297 958 465 1014 Philoxenus
483 977 511 1029 p.
533 963 591 1029 126,
607 964 649 1014 17.

421 1052 476 1116 ir:
500 1069 632 1116 misaca
647 1070 728 1132 puis
750 1069 864 1117 marius

285 1148 357 1211 cod.
376 1152 593 1224 Amplonianud
610 1172 638 1223 p.
658 1159 718 1223 343,
735 1159 784 1209 131
805 1155 981 1222 (inconcavit
997 1171 1027 1224 ρ.
1044 1167 1080 1213 να.
1100 1155 1180 1225 cod).

419 1247 478 1310 ire
501 1246 594 1312 semis
610 1245 723 1329 palma

297 1351 357 1406 cod.
376 1349 591 1420 Amplonianus¹
609 1368 636 1421 p.
656 1355 717 1419 339,
733 1353 767 1405 56
787 1351 854 1420 (iir).
1020 1406 1058 1452 ³·

420 1443 475 1507 ir:
498 1443 644 1508 medam
659 1443 800 1525 paduae,
822 1464 900 1526 quae
922 1448 952 1509 ei
972 1444 1043 1511 vola
1065 1444 1177 1510 dicitur

297 1547 438 1602 Osbernus
456 1566 483 1616 p.
498 1547 587 1602 wib:
607 1547 700 1602 nascio
719 1547 801 1602 unde.

206 1638 239 1704 N
241 1661 282 1704 on
307 1642 415 1702 autem
439 1638 509 1703 sine
532 1638 641 1704 fructu
668 1638 749 1703 haec
773 1639 944 1724 collegisse
972 1640 1066 1704 nobis
1094 1639 1253 1724 ridemur,
1282 1662 1354 1704 cum

208 1744 246 1808 de
269 1744 320 1809 liis
344 1745 411 1810 sive
434 1745 464 1809 ir
488 1745 576 1810 vocis
600 1745 838 1830 significatione
862 1766 928 1810 non
950 1749 1051 1811 recte*
1065 1748 1211 1811 siaiuani
1239 1746 1355 1812 lexico-

208 1850 339 1936 graphi,
363 1850 419 1935 qui
442 1851 695 1935 inierpreieniur
719 1850 839 1915 ‘Hand’
866 1887 903 1897 —
930 1854 980 1916 esi
1004 1852 1089 1916 enim
1111 1853 1221 1936 potius
1245 1851 1354 1918 ‘semis

208 1955 329 2042 palma'
353 1955 507 2022 ‘concava
529 1979 604 2041 pars
628 1955 756 2022 manus'
780 1955 878 2023 ‘vola'
905 1994 960 2042 —,
988 1958 1091 2024 mulio
1116 1962 1225 2023 autem
1247 1959 1354 2023 minus

208 2067 294 2130 rocio
321 2064 397 2130 Luc.
415 2063 605 2149 Muellerus,
632 2063 687 2149 qui
714 2064 750 2128 in
777 2065 1009 2131 commentario
1033 2087 1064 2149 p.
1084 2065 1148 2129 243
1176 2064 1354 2149 scripserii:

209 2169 271 2235 ‘iii
293 2171 378 2236 idem
400 2171 503 2237 ferme
526 2171 612 2257 quod
634 2169 765 2253 siphea,
789 2194 870 2256 quae
893 2172 994 2237 verba
1016 2193 1149 2256 prorsus
1171 2193 1238 2236 non
1260 2171 1373 2235 intel-‘⁸

208 2278 291 2362 lego
338 2275 490 2342 Oeierum
515 2277 640 2342 nullam
667 2278 812 2362 glossam
839 2278 930 2343 rides
959 2276 1032 2342 ‘air'
1061 2277 1225 2364 exhibere3
1257 2280 1354 2362 atque

208 2385 415 2468 grammatici
439 2406 568 2469 quoque
591 2406 702 2450 omncs
721 2386 752 2450 ir
774 2384 914 2450 formam
937 2388 1102 2450 iesianiur
1123 2387 1253 2469 praeter
1272 2382 1354 2449 Cha·

208 2491 322 2556 risium
344 2515 375 2576 p.
394 2493 446 2559 24.
466 2493 518 2558 32.
537 2491 592 2560 35.

298 2702 451 2770 Oolleoiis
488 2704 541 2769 his
579 2708 613 2769 ei
644 2704 803 2770 enarratis
836 2704 941 2770 Lucili
979 2704 1175 2787 scholiorum
1209 2704 1355 2790 reliquiis

210 2811 353 2876 dubitari
385 2810 518 2876 nonium
550 2833 647 2895 posse
679 2810 807 2876 ridetur
838 2811 916 2895 quin
951 2811 1204 2895 praeclarissimi
1240 2813 1355 2896 posiae

209 2919 339 2981 salsurae
372 2939 444 2982 cum
478 2917 628 2982 omnibus
661 2920 732 2982 ium
764 2916 913 3002 inprimis
945 2917 1070 2982 Placidi
1101 2921 1134 2982 ei
1161 2916 1373 2983 ‘Philoxeni’·

210 3024 378 3110 glossariis
412 3023 492 3088 satis
528 3023 656 3110 largam
693 3024 877 3108 glossarum
910 3023 1036 3108 copiam
1068 3024 1356 3109 suppeditaverini‚

209 3152 291 3215 quae
315 3130 443 3215 quidem
470 3129 556 3195 raiio
587 3131 615 3218 si
642 3131 738 3216 plura
766 3130 865 3196 eiiam
888 3129 992 3195 Lucili
1019 3129 1204 3216 fragmenta
1227 3132 1356 3196 servata

208 3241 386 3322 *exsistens
410 3239 512 3302 mulio
525 3238 652 3303 maiore
666 3238 701 3303 ni
714 3238 812 3303 fallor
826 3237 1049 3321 exemplorum
1070 3259 1203 3302 numero
1222 3237 1357 3321 probari

208 3348 328 3429 possei.
375 3343 526 3410 Oeierum
548 3367 615 3410 non
637 3344 796 3430 mirabor,
817 3343 852 3408 si
876 3343 934 3409 alii
955 3345 1079 3411 nosiris
1102 3366 1203 3410 noras
1227 3343 1355 3429 glossas

210 3451 398 3516 adiecerint:
421 3473 523 3536 neque
547 3451 634 3516 enim
656 3450 754 3516 unius
774 3454 825 3515 esi
844 3471 957 3515 omnes
981 3451 1189 3534 inuestigare.
1220 3449 1356 3514 Accedit

209 3625 278 3680 cdiii
295 3628 376 3696 parte
391 3625 513 3687 secunda
527 3638 599 3695 quac
614 3627 657 3680 esi
671 3624 719 3680 ‘de
732 3623 802 3680 locis
816 3623 984 3692 quibusdam
999 3622 1196 3679 Ciceronianis’
1212 3643 1240 3694 p.
1254 3628 1286 3679 18
1295 3640 1355 3693 sqq.

209 3713 250 3768 sic
269 3714 445 3769 scribendum
463 3713 652 3782 proposuisse:

932 3800 1027 3870 quibu'
1045 3799 1142 3856 vinum

421 3879 557 3945 Defusum
576 3908 591 3946 e
609 3890 693 3960 pleno
712 3889 749 3945 sit
768 3888 921 3960 chrysidio,
940 3889 986 3945 cui
1003 3889 1044 3946 nil
1062 3889 1129 3945 dum
1231 3957 1241 3966 .

422 3977 552 4050 Dempsit
570 3979 691 4035 sacculu'
710 3979 766 4049 vis,
784 3977 826 4034 nil
845 3978 974 4048 absarlii,

209 4066 298 4122 mulio
312 4066 397 4122 eiiam
411 4067 550 4124 infelicius
564 4069 599 4123 H.
609 4069 828 4136 Holsieinum
848 4069 877 4124 in
893 4067 1032 4125 Ciceronis
1047 4068 1081 4124 de
1100 4068 1202 4140 finibus
1219 4066 1355 4124 librorum

210 4156 332 4212 editione
350 4155 489 4226 Lipsiensi
508 4164 616 4212 a.1873
636 4157 781 4228 evulgata=

421 4247 525 4302 Vinrim
544 4246 672 4302 defusum
691 4263 706 4302 s
724 4248 807 4317 pleno
827 4247 863 4303 sit
881 4248 1024 4317 ὑπέραζον
1044 4247 1132 4318 (ciel),

422 4335 474 4391 Cui
492 4336 533 4390 nll
551 4335 614 4391 duri
631 4335 668 4390 sii
686 4338 728 4392 vis
747 4338 776 4392 ei
794 4337 921 4393 sacculus
940 4335 1115 4405 chamani,-

210 4443 280 4497 quos
298 4443 393 4482 versus
411 4425 554 4496 sciendum
572 4424 716 4481 Holsteino
735 4425 824 4482 videri
843 4441 902 4482 esse
922 4424 1058 4482 ‘senarios
1076 4423 1235 4485 iambicos’.
