3216 5126
677 360 918 423 -107—

229 518 381 603 glossarii
395 520 583 584 describam.
620 519 741 604 Incipit
759 522 882 584 autem:
907 517 1065 583 ‘affatimz
1089 518 1186 583 satim
1200 518 1251 582 vel
1276 517 1374 582 abun·

229 626 356 709 danter3
381 627 526 710 aptauit:
551 627 766 712 conparauitp
780 630 914 710 aptaret
939 647 1117 709 conponere
1137 616 1191 688 uel
1208 645 1374 709 reparare3

230 732 364 797 abacta:
397 732 575 817 inclinata',
611 734 744 817 explicit
776 732 975 817 ‘utriusquet
1015 735 1047 797 et
1078 733 1173 819 huius
1207 736 1240 797 et
1271 732 1374 815 illius3

229 839 419 922 utrobique:
449 843 481 902 et
507 839 569 903 tibi
597 842 629 904 et
656 840 732 923 tibi3
765 839 900 904 uuidus:
924 838 1028 904 udus'.
1073 838 1272 904 Litterarum
1296 839 1374 904 ordo

228 967 296 1010 non
318 947 497 1011 communis
521 951 579 1012 est.
611 947 743 1012 Etenim
765 947 853 1012 intra
876 947 1079 1032 singularum
1101 946 1285 1010 litterarum
1308 966 1373 1009 am-

229 1052 335 1117 bitum
357 1053 518 1118 vocalium
541 1055 625 1119 ratio
647 1053 799 1137 habetur,
828 1054 1077 1118 consonantium
1102 1075 1168 1117 non
1196 1052 1285 1116 item.
1326 1049 1374 1116 Of.
1402 1079 1406 1085 ·

229 1159 310 1223 haec
337 1181 418 1242 quae
446 1183 463 1224 e
487 1159 876 1226 codieeLeidens167F¹
900 1161 923 1224 f.
946 1161 1028 1225 15¹1)
1039 1182 1106 1244 sqq.
1133 1158 1278 1243 excerpsi
1300 1159 1376 1222 lem-

230 1269 332 1330 mata:
356 1265 527 1331 ‘cibarisus
547 1267 716 1332 cliblanari
737 1267 966 1352 cinocephalus
982 1267 1112 1331 citisum
1135 1265 1217 1331 cisni
1240 1265 1375 1330 clinicus

230 1373 398 1457 eclipsidra
416 1374 564 1438 comodat
582 1424 589 1440 .
604 1423 611 1439 .
626 1425 633 1438 .
649 1425 655 1438 .
674 1374 778 1439 colera
797 1373 902 1438 cloaca
922 1373 1024 1438 coloni
1038 1422 1046 1437 .
1061 1423 1090 1438 ..
1110 1373 1249 1438 ooniboli
1269 1394 1375 1437 oroma

231 1501 424 1565 consequens
440 1533 446 1546 .
462 1530 490 1546 ..
510 1482 645 1566 cupidus
669 1482 764 1564 cupio
786 1531 792 1545 .
808 1532 814 1546 .
830 1531 837 1545 .
852 1481 992 1545 eruenda
1006 1502 1177 1564 cupressus
1192 1530 1198 1545 .
1214 1530 1220 1544 .
1237 1479 1268 1565 .',
1293 1503 1374 1564 quae

230 1587 359 1672 quidem
376 1589 588 1672 componendi
606 1589 690 1653 ratio
708 1590 820 1653 nostro
840 1587 913 1652 usui
936 1587 1108 1652 admodum
1127 1587 1267 1652 molesta
1285 1589 1342 1651 est.
1350 1585 1374 1670 ¹)

228 1693 304 1758 Non
328 1694 445 1759 desunt
468 1700 577 1760 autem
597 1697 680 1760 alius
700 1695 823 1760 ordinis
848 1698 937 1760 certa
951 1695 1099 1780 vestigia.
1132 1695 1274 1758 Exstant
1291 1694 1375 1758 enim

229 1801 410 1886 glossarum
441 1803 538 1866 series
569 1803 609 1867 ad
638 1824 738 1866 unam
766 1801 964 1885 eandemque
992 1801 1162 1864 materiam
1193 1802 1375 1884 spectantes

229 1907 280 1971 vel
314 1911 399 1971 certe
430 1889 546 1973 talium
575 1931 656 1994 quae
685 1909 726 1972 ob
761 1907 1008 1972 similitudinem
1037 1908 1180 1992 aliquam
1209 1911 1377 1994 externam

230 2035 294 2077 una
316 2015 482 2096 ponendae
505 2037 574 2080 esse
598 2016 790 2080 viderentur.
834 2014 904 2090 Qua
928 2015 966 2078 de
989 2035 1024 2077 re
1047 2036 1112 2079 non
1136 2013 1301 2078 dubitabis
1320 2013 1375 2077 ubi

230 2118 345 2184 harum
369 2120 553 2205 glossarum
577 2121 723 2187 ordinem
745 2121 1007 2204 perlustraveris:

391 2227 598 2311 auspicatust
623 2228 757 2294 adorsus
780 2227 940 2312 incipiens
964 2229 1015 2294 uel
1039 2229 1155 2314 incipit

390 2330 557 2419 auspicio:
581 2334 741 2418 principio

391 2459 512 2526 augorz
537 2443 591 2525 qui
613 2464 671 2526 per
694 2441 840 2526 auspicia
863 2441 1031 2506 diuinabat

391 2567 548 2634 augures:
573 2550 629 2633 qui
652 2549 789 2635 auguria
812 2549 985 2615 intendunt

391 2655 581 2740 augurium:
606 2657 786 2740 auspicium

391 2780 512 2848 augur:
537 2763 592 2847 qui
616 2786 692 2828 aues
717 2764 797 2829 colit

333 2889 335 2894 ·
391 2888 527 2953 aucepsz
552 2871 662 2934 auium
684 2873 799 2954 captor

390 2980 588 3062 aucupatort
612 2979 761 3060 captator
783 2979 836 3042 uel
860 2981 995 3054 uenator
1018 2978 1128 3043 auium

281 3121 283 3125 Α
391 3086 554 3170 auspicia:
579 3087 673 3172 signa
695 3087 746 3151 uel
769 3086 865 3151 initia

391 3192 546 3278 auguria:
571 3192 697 3257 somnia

323 3295 326 3300 ’
392 3299 598 3382 auruspiees:
622 3299 677 3382 qui
700 3300 872 3365 intendunt
895 3300 990 3386 signa
1013 3301 1159 3384 corporis

391 3424 571 3490 auruspext
595 3405 661 3470 arci
687 3406 746 3486 [sic
770 3406 936 3471 Leidensis
961 3406 1064 3489 67F1]
1089 3409 1253 3492 inspector

230 3513 321 3578 Haec
342 3513 451 3579 omnia
474 3513 515 3579 ad
537 3533 611 3578 aues
633 3517 690 3577 aut
714 3515 863 3596 spectant
885 3515 1077 3597 (auspicatos
1090 3553 1134 3561 —
1147 3513 1296 3602 cupario)
1320 3520 1377 3581 aut

231 3625 377 3705 spectare
400 3621 550 3685 videntur
573 3617 778 3706 (auruspices,
801 3620 979 3708 aumrspea).
1024 3623 1172 3688 Aliorum
1196 3624 1264 3688 eius
1287 3624 1378 3689 modi

232 3727 381 3792 ordinum
409 3728 565 3792 lemmata
592 3731 721 3792 tantum
749 3729 944 3793 exscribam:
975 3733 1110 3794 crateras
1137 3735 1273 3795 craterae
1299 3732 1378 3796 codo

231 3840 390 3918 cantarem
414 3835 494 3899 elom
519 3835 583 3915 [bis
607 3837 726 3914 exstat]
752 3835 973 3902 claodistiaum
996 3837 1169 3921 clanculam
1197 3844 1377 3921 conpactum

231 3942 394 4024 conpeprsti
412 3942 596 4024 coopapibas
610 3962 780 4026 coopapum
793 3963 927 4026 eonpapo
941 3944 1099 4025 copulabis
1112 3945 1222 4025 copula
1235 3947 1377 4028 coapapt

230 4049 322 4113 acuit
338 4049 520 4130 conpayincs
537 4050 701 4114 conectitur
720 4051 857 4136 corwct't3
880 4051 1053 4116 conmotam
1070 4051 1218 4115 cmviector
1235 4051 1376 4116 cmiecbb

305 4314 325 4382 ¹)
348 4313 389 4366 Ex
410 4312 464 4367 hac
483 4312 587 4366 ordinis
609 4314 672 4383 lege
692 4316 811 4384 apparet
828 4331 890 4368 eum
910 4315 958 4383 qui
976 4316 1083 4384 glossas
1102 4315 1218 4385 collegit
1235 4316 1376 4385 permulta

231 4403 288 4457 iam
311 4403 443 4472 corrupta
460 4401 623 4471 repperisse.
660 4402 706 4457 Sic
729 4421 780 4473 pro
803 4405 905 4458 dmum
927 4403 1045 4459 inseruit
1065 4405 1194 4459 ‘alinum’
1216 4404 1327 4474 aliaque
1345 4403 1376 4460 id

231 4508 319 4563 genus
338 4507 393 4546 uon
411 4507 509 4561 pauca.
