3216 5126
584 290 908 382 strar-

216 477 363 564 germani
376 476 607 566 parisiensis');
629 479 669 544 ad
684 479 810 544 Persii
824 479 998 564 prologum
1013 480 1140 562 spectat
1158 475 1242 544 ‘fons
1257 476 1365 544 oabal·
1433 541 1442 547 .

215 583 313 650 linus'
328 585 375 649 in
404 585 515 670 glossa
538 587 560 650 f.
586 587 660 651 l‘b:
692 585 882 652 ‘caballacio
906 587 940 651 id
964 591 1014 651 est
1038 587 1236 652 exercitatio.
1280 585 1364 652 Item

147 723 151 734 ·
216 691 289 755 fons
314 692 508 778 caballinus,
530 693 587 756 ubi
610 715 701 757 muse
725 693 907 758 studebant.
950 692 1034 758 Item
1057 695 1179 782 ungula
1202 695 1365 759 caballina

216 797 339 863 herba’.

301 907 334 974 4.
370 906 462 972 Inter
495 907 655 972 schedas
694 907 932 993 apographis
965 907 1267 973 Burmannianis
1301 906 1366 970 ad·

217 1013 340 1076 iectas
373 1014 525 1098 glossarii
557 1015 776 1100 fragmentum
810 1019 916 1080 exstat
949 1017 1084 1081 membr.
1115 1037 1197 1080 saec.
1219 1013 1298 1080 XIV
1330 1017 1367 1078 ut

216 1118 344 1184 videtur
363 1122 528 1204 scriptum.
559 1121 650 1186 Duae
669 1125 779 1205 partes
800 1127 876 1187 sunt
893 1123 989 1187 unius
1008 1124 1095 1208 folii,
1113 1123 1203 1188 cuius
1219 1121 1366 1205 superior

116 1214 118 1218 ¹
217 1249 292 1310 pars
325 1227 424 1292 deest.
478 1226 675 1312 Compositis
712 1228 802 1294 hisce
838 1231 1006 1312 particulis
1043 1228 1252 1294 latitudinem
1288 1228 1366 1292 libri

218 1321 371 1418 magnam
390 1335 491 1426 fuisse
507 1340 654 1420 apparet:
677 1359 743 1401 non
761 1336 868 1401 minor
885 1336 1013 1401 videtur
1032 1337 1134 1402 fuisse
1153 1335 1306 1419 altitudo,
1329 1337 1366 1399 ut

217 1440 323 1505 forma
336 1441 436 1507 fuerit
456 1443 502 1508 ‘in
515 1442 618 1508 folio'.
652 1441 790 1508 Grandis
810 1447 920 1508 autem
939 1445 1112 1509 voluminis
1131 1465 1257 1528 quoque
1277 1444 1364 1526 glos-

217 1547 338 1612 sarium
369 1548 469 1613 fuisse
500 1549 563 1613 hae
591 1550 746 1634 reliquiae
773 1554 887 1634 utpote
916 1551 956 1614 ad
984 1572 1176 1635 perparvam
1199 1551 1212 1614 i
1233 1547 1362 1613 litterae

216 1659 344 1738 partem
368 1659 550 1739 spectantes
575 1654 699 1720 docent.
740 1655 886 1721 Pertinet
914 1657 989 1721 inde
1014 1681 1033 1721 a
1055 1657 1218 1725 lemmatis
1232 1655 1283 1720 'ia
1308 1656 1365 1718 iau

162 1743 181 1774 ⁶
216 1763 329 1827 inaure
343 1763 514 1827 inaccessas
528 1812 535 1825 .
551 1812 558 1826 .
572 1811 579 1826 .
593 1784 694 1846 usquc
710 1762 771 1826 ad.
787 1813 793 1826 .
809 1764 968 1829 .iadicare
985 1767 1183 1829 codicellum.
1210 1761 1364 1846 Singulae
1395 1785 1398 1799 ¹

216 1869 355 1956 paginae
383 1867 566 1951 tripertitae
595 1871 679 1933 sunt.
724 1867 773 1933 De
805 1870 929 1954 origine
962 1870 1139 1955 fragmenti
1170 1870 1362 1953 inscriptum

218 1979 279 2040 est:
326 1975 570 2060 ‘Fragmentum
601 1973 754 2058 glossarii
786 1976 919 2060 vetusti,
951 1983 1021 2060 quo'
1043 1977 1164 2042 librum
1191 1977 1364 2062 quemdam

217 2083 423 2167 bibliopegus
455 2078 657 2146 involverat’.
702 2079 904 2166 Integrum
936 2083 1173 2166 glossarium
1205 2082 1364 2166 Papiam

217 2189 340 2254 fuisse
363 2189 444 2253 haec
463 2187 646 2272 glossarum
665 2188 764 2252 series
786 2186 850 2275 (est
870 2193 977 2254 autem
995 2189 1254 2276 fragmentorum
1273 2193 1364 2254 sexta

186 2355 189 2360 ⁴
216 2293 307 2383 pars)
331 2295 459 2360 doceat:
537 2381 539 2386 Ι

261 2402 432 2468 Incensum
447 2453 454 2466 .
468 2403 590 2468 dictum
613 2402 689 2488 quia
712 2404 786 2488 igne
811 2404 1011 2469 consumitur

261 2510 430 2575 Incentiua
445 2561 452 2575 .
467 2510 648 2575 desideria.
663 2511 769 2574 carnis
785 2561 792 2575 .
807 2511 931 2575 stimuli
957 2512 1081 2576 luxurie
1097 2563 1103 2577 .
1120 2513 1161 2577 ab
1188 2512 1364 2578 incitando.

331 2619 425 2684 dicta.

261 2725 466 2801 Incentiuum
481 2775 487 2789 .
501 2726 742 2792 irritamentum
757 2776 763 2789 .
779 2725 908 2790 aculeus
933 2727 1038 2790 carnis
1062 2727 1232 2811 cupiditas.

261 2831 414 2898 Incentor
429 2883 435 2897 .
450 2856 563 2899 suasor
578 2885 585 2899 .
600 2834 786 2898 stimulator
805 2835 846 2898 ab
866 2855 903 2898 eo
924 2854 987 2916 quo
1008 2835 1077 2914 [scr.
1092 2833 1191 2918 quod]
1210 2833 1363 2898 incendat

261 2939 430 3006 Incentiua
444 2990 450 3004 .
465 2941 679 3012 incitamenta
700 2940 973 3038 inflammationes

262 3046 408 3111 Incertus
423 3097 430 3112 .
445 3039 562 3111 dubius
578 3098 585 3112 .
599 3048 764 3112 obscurus.

261 3152 425 3218 Incessere
441 3153 641 3238 .inquietare
656 3203 663 3216 .
678 3153 871 3236 redarguere
886 3204 893 3217 .
908 3175 1059 3218 accusare
1075 3203 1082 3218 .
1096 3154 1220 3222 incesso
1234 3205 1241 3218 .
1255 3155 1302 3219 is.
1317 3154 1361 3218 in·

280 3335 283 3349 y
330 3265 446 3326 cestus.
470 3261 596 3325 dicitur.

262 3367 400 3434 Incessit
414 3419 421 3431 .
435 3367 570 3433 inuadit.
593 3367 725 3452 ingruit.

261 3475 380 3541 Incede
395 3525 402 3540 .
416 3476 445 3541 is
461 3477 608 3541 ‚incessi

262 3582 425 3650 Incestare
439 3633 446 3645 .
462 3583 669 3667 coinquinare
685 3633 691 3647 .
705 3584 860 3668 polluere.

262 3688 417 3754 Incestus.
442 3693 529 3754 stus.
556 3691 591 3753 in
618 3690 762 3773 uirgines
788 3690 917 3783 ruiduas
946 3693 1098 3754 sacratas.
1126 3690 1179 3755 uel
1207 3691 1364 3775 sanguine

328 3797 527 3880 propinquas
542 3798 755 3862 constitutum
775 3801 831 3863 est,
863 3797 996 3862 Dictum
1011 3801 1061 3862 est
1076 3799 1168 3882 quasi
1182 3799 1217 3862 in
1231 3802 1365 3862 castum.

329 3904 383 3968 uel
407 3928 426 3968 a
450 3926 527 3968 ceno
554 3906 645 3996 [ceno
668 3909 704 3968 at
724 3905 793 3982 oid,
815 3925 872 3969 scr.
896 3906 997 3985 cesto]
1027 3904 1113 3989 quod
1141 3904 1259 3970 dicitur
1283 3928 1365 3970 zona

329 4012 460 4095 pellicia
487 4011 612 4074 veneris
641 4033 702 4094 que
731 4011 897 4095 legitimas
921 4012 1183 4096 nuptiasligat.
1229 4009 1264 4075 Si
1292 4012 1364 4096 quis

329 4119 431 4203 igitur
453 4118 614 4202 legitimi.
629 4117 829 4182 matrimonii
844 4118 937 4182 ‚iura
956 4118 1131 4182 uiolauerit
1153 4118 1293 4183 incestus
1318 4119 1364 4184 di-

330 4225 414 4290 dltur
865 4309 867 4314 ,

207 4339 209 4345 ’
264 4332 408 4398 Incestus
423 4380 431 4394 .
446 4352 473 4394 a.
497 4353 560 4394 um.
585 4331 640 4415 qui
663 4331 743 4397 facit
765 4317 932 4396 incestum'
946 4331 1062 4396 dicitur

221 4439 311 4515 Quae
335 4439 463 4523 glossae
488 4439 600 4504 eodem
624 4461 736 4502 omnes
760 4439 871 4503 ordine
894 4441 929 4502 in
951 4438 1071 4522 Papiae
1099 4439 1201 4505 lexico
1225 4443 1367 4508 exstant.
