<?xml version="1.0" encoding="UTF-8"?>
<!DOCTYPE html PUBLIC "-//W3C//DTD XHTML 1.0 Transitional//EN"
    "http://www.w3.org/TR/xhtml1/DTD/xhtml1-transitional.dtd">
<html xmlns="http://www.w3.org/1999/xhtml" xml:lang="en" lang="en">
 <head>
  <title>
</title>
<meta http-equiv="Content-Type" content="text/html;charset=utf-8" />
  <meta name='ocr-system' content='tesseract 3.04.00' />
  <meta name='ocr-capabilities' content='ocr_page ocr_carea ocr_par ocr_line ocrx_word'/>
</head>
<body>
  <div class='ocr_page' id='page_1' title='image "./prodromvscorpor00loewgoog/prodromvscorpor00loewgoog_0353.png"; bbox 0 0 3222 5122; ppageno 0'>
   <div class='ocr_carea' id='block_1_1' title="bbox 729 305 973 372">
    <p class='ocr_par' dir='ltr' id='par_1_1' title="bbox 729 305 973 372">
     <span class='ocr_line' id='line_1_1' title="bbox 729 305 973 372; baseline 0 0"><span class='ocrx_word' id='word_1_1' title='bbox 729 305 973 372; x_wconf 84' lang='lat'><strong>-332-</strong></span> 
     </span>
    </p>
   </div>
   <div class='ocr_carea' id='block_1_2' title="bbox 280 465 1425 1053">
    <p class='ocr_par' dir='ltr' id='par_1_2' title="bbox 280 465 1425 1053">
     <span class='ocr_line' id='line_1_2' title="bbox 280 465 1425 554; baseline 0.003 -25"><span class='ocrx_word' id='word_1_2' title='bbox 280 487 346 530; x_wconf 86' lang='lat' dir='ltr'><strong>non</strong></span> <span class='ocrx_word' id='word_1_3' title='bbox 383 488 497 530; x_wconf 89' lang='lat' dir='ltr'><strong>ausum</strong></span> <span class='ocrx_word' id='word_1_4' title='bbox 530 486 599 532; x_wconf 89' lang='lat' dir='ltr'><strong>esse</strong></span> <span class='ocrx_word' id='word_1_5' title='bbox 632 465 722 532; x_wconf 88' lang='lat' dir='ltr'><strong>dicit:</strong></span> <span class='ocrx_word' id='word_1_6' title='bbox 756 470 791 532; x_wconf 91' lang='lat' dir='ltr'><strong>at</strong></span> <span class='ocrx_word' id='word_1_7' title='bbox 823 465 1035 553; x_wconf 87' lang='lat' dir='ltr'><strong>deseruisset,</strong></span> <span class='ocrx_word' id='word_1_8' title='bbox 1068 467 1103 534; x_wconf 89' lang='lat' dir='ltr'><strong>ni</strong></span> <span class='ocrx_word' id='word_1_9' title='bbox 1133 466 1247 554; x_wconf 85' lang='lat' dir='ltr'><strong>fallor,</strong></span> <span class='ocrx_word' id='word_1_10' title='bbox 1266 468 1313 533; x_wconf 85' lang='lat' dir='ltr'><strong>si</strong></span> <span class='ocrx_word' id='word_1_11' title='bbox 1344 467 1425 533; x_wconf 85' lang='lat' dir='ltr'><strong>haee</strong></span> 
     </span>
     <span class='ocr_line' id='line_1_3' title="bbox 280 572 701 656; baseline 0.007 -20"><span class='ocrx_word' id='word_1_12' title='bbox 280 572 392 656; x_wconf 82' lang='lat' dir='ltr'>glossa</span> <span class='ocrx_word' id='word_1_13' title='bbox 416 573 446 637; x_wconf 89' lang='lat' dir='ltr'><strong>ei</strong></span> <span class='ocrx_word' id='word_1_14' title='bbox 468 576 548 639; x_wconf 89' lang='lat' dir='ltr'><strong>nota</strong></span> <span class='ocrx_word' id='word_1_15' title='bbox 570 572 701 640; x_wconf 77' lang='lat' dir='ltr'><strong>fuisset:</strong></span> 
     </span>
     <span class='ocr_line' id='line_1_4' title="bbox 652 700 1054 783; baseline 0.007 -20"><span class='ocrx_word' id='word_1_16' title='bbox 652 717 820 783; x_wconf 79' lang='lat' dir='ltr'><strong>compca:</strong></span> <span class='ocrx_word' id='word_1_17' title='bbox 843 701 913 783; x_wconf 79' lang='lat' dir='ltr'><strong>equi</strong></span> <span class='ocrx_word' id='word_1_18' title='bbox 935 700 1054 766; x_wconf 62' lang='lat' dir='ltr'><strong>madai</strong></span> 
     </span>
     <span class='ocr_line' id='line_1_5' title="bbox 369 799 1425 875; baseline 0.005 -21"><span class='ocrx_word' id='word_1_19' title='bbox 369 799 429 856; x_wconf 91' lang='lat' dir='ltr'><strong>cod.</strong></span> <span class='ocrx_word' id='word_1_20' title='bbox 454 800 643 871; x_wconf 72' lang='lat' dir='ltr'><strong>sangallensis</strong></span> <span class='ocrx_word' id='word_1_21' title='bbox 662 807 713 856; x_wconf 78' lang='lat'><strong>912</strong></span> <span class='ocrx_word' id='word_1_22' title='bbox 736 805 827 872; x_wconf 80' lang='lat' dir='ltr'><strong>p.‘40;</strong></span> <span class='ocrx_word' id='word_1_23' title='bbox 855 804 914 861; x_wconf 88' lang='lat' dir='ltr'><strong>cod</strong></span> <span class='ocrx_word' id='word_1_24' title='bbox 933 803 1084 860; x_wconf 78' lang='lat' dir='ltr'><strong>Vossianus</strong></span> <span class='ocrx_word' id='word_1_25' title='bbox 1107 804 1166 859; x_wconf 82' lang='lat' dir='ltr'><strong>Fol.</strong></span> <span class='ocrx_word' id='word_1_26' title='bbox 1186 809 1220 858; x_wconf 80' lang='lat'><strong>24</strong></span> <span class='ocrx_word' id='word_1_27' title='bbox 1244 805 1347 874; x_wconf 84' lang='lat' dir='ltr'><strong>(compe</strong></span> <span class='ocrx_word' id='word_1_28' title='bbox 1363 805 1425 875; x_wconf 79' lang='lat' dir='ltr'><strong>equi</strong></span> 
     </span>
     <span class='ocr_line' id='line_1_6' title="bbox 369 888 1423 964; baseline 0.005 -22"><span class='ocrx_word' id='word_1_29' title='bbox 369 889 469 958; x_wconf 47' lang='lat' dir='ltr'><strong>auriag</strong></span> <span class='ocrx_word' id='word_1_30' title='bbox 489 888 548 944; x_wconf 94' lang='lat' dir='ltr'><strong>cod.</strong></span> <span class='ocrx_word' id='word_1_31' title='bbox 564 889 780 959; x_wconf 81' lang='lat' dir='ltr'><strong>Amplonianus²</strong></span> <span class='ocrx_word' id='word_1_32' title='bbox 797 910 825 961; x_wconf 87' lang='lat' dir='ltr'><strong>p.</strong></span> <span class='ocrx_word' id='word_1_33' title='bbox 840 897 901 961; x_wconf 79' lang='grc'>287,</span> <span class='ocrx_word' id='word_1_34' title='bbox 913 898 945 946; x_wconf 76' lang='grc'><strong>73</strong></span> <span class='ocrx_word' id='word_1_35' title='bbox 965 896 1068 962; x_wconf 82' lang='lat' dir='ltr'><strong>(compe</strong></span> <span class='ocrx_word' id='word_1_36' title='bbox 1087 893 1167 963; x_wconf 79' lang='lat' dir='ltr'><strong>acqui</strong></span> <span class='ocrx_word' id='word_1_37' title='bbox 1184 894 1331 962; x_wconf 54' lang='lat' dir='ltr'><strong>meosoch</strong></span> <span class='ocrx_word' id='word_1_38' title='bbox 1350 893 1423 964; x_wconf 89' lang='lat' dir='ltr'><strong>glos-</strong></span> 
     </span>
     <span class='ocr_line' id='line_1_7' title="bbox 369 976 1382 1053; baseline 0.006 -22"><span class='ocrx_word' id='word_1_39' title='bbox 369 976 473 1032; x_wconf 79' lang='lat' dir='ltr'><strong>sarium</strong></span> <span class='ocrx_word' id='word_1_40' title='bbox 492 977 648 1032; x_wconf 80' lang='lat' dir='ltr'><strong>Salomonis</strong></span> <span class='ocrx_word' id='word_1_41' title='bbox 667 981 790 1048; x_wconf 83' lang='lat' dir='ltr'><strong>(campi);</strong></span> <span class='ocrx_word' id='word_1_42' title='bbox 810 981 869 1035; x_wconf 90' lang='lat' dir='ltr'><strong>cod.</strong></span> <span class='ocrx_word' id='word_1_43' title='bbox 889 981 1041 1037; x_wconf 76' lang='lat' dir='ltr'><strong>Vossianus</strong></span> <span class='ocrx_word' id='word_1_44' title='bbox 1059 982 1118 1038; x_wconf 83' lang='lat' dir='ltr'><strong>Fol.</strong></span> <span class='ocrx_word' id='word_1_45' title='bbox 1134 988 1167 1038; x_wconf 82' lang='lat'><strong>82</strong></span> <span class='ocrx_word' id='word_1_46' title='bbox 1188 983 1308 1053; x_wconf 84' lang='lat' dir='ltr'><strong>(compe).</strong></span> <span class='ocrx_word' id='word_1_47' title='bbox 1355 991 1382 1008; x_wconf 78' lang='lat'><strong>&#39;&#39;</strong></span> 
     </span>
    </p>
   </div>
   <div class='ocr_carea' id='block_1_3' title="bbox 370 1111 795 1204">
    <p class='ocr_par' dir='ltr' id='par_1_3' title="bbox 370 1111 795 1204">
     <span class='ocr_line' id='line_1_8' title="bbox 370 1111 795 1204; baseline 0.015 -28"><span class='ocrx_word' id='word_1_48' title='bbox 370 1113 398 1177; x_wconf 90' lang='lat'><strong>6.</strong></span> <span class='ocrx_word' id='word_1_49' title='bbox 431 1111 519 1196; x_wconf 86' lang='lat' dir='ltr'>XVI,</span> <span class='ocrx_word' id='word_1_50' title='bbox 539 1114 637 1200; x_wconf 86' lang='lat' dir='ltr'><strong>6sqq.</strong></span> <span class='ocrx_word' id='word_1_51' title='bbox 660 1114 704 1201; x_wconf 91' lang='lat' dir='ltr'><strong>(p.</strong></span> <span class='ocrx_word' id='word_1_52' title='bbox 725 1116 795 1204; x_wconf 76' lang='lat'><strong>70):</strong></span> 
     </span>
    </p>
   </div>
   <div class='ocr_carea' id='block_1_4' title="bbox 438 1217 1425 1633">
    <p class='ocr_par' dir='ltr' id='par_1_4' title="bbox 439 1217 1425 1421">
     <span class='ocr_line' id='line_1_9' title="bbox 439 1217 1425 1340; baseline 0.008 -57"><span class='ocrx_word' id='word_1_53' title='bbox 439 1217 509 1285; x_wconf 84' lang='lat' dir='ltr'><strong>Rex</strong></span> <span class='ocrx_word' id='word_1_54' title='bbox 528 1217 591 1288; x_wconf 83' lang='lat' dir='ltr'><strong>Cot</strong></span> <span class='ocrx_word' id='word_1_55' title='bbox 576 1224 628 1286; x_wconf 90' lang='lat' dir='ltr'><strong>tus</strong></span> <span class='ocrx_word' id='word_1_56' title='bbox 652 1222 709 1288; x_wconf 91' lang='lat' dir='ltr'><strong>ille</strong></span> <span class='ocrx_word' id='word_1_57' title='bbox 732 1222 795 1289; x_wconf 92' lang='lat' dir='ltr'><strong>duo</strong></span> <span class='ocrx_word' id='word_1_58' title='bbox 818 1224 878 1290; x_wconf 90' lang='lat' dir='ltr'><strong>hos</strong></span> <span class='ocrx_word' id='word_1_59' title='bbox 903 1229 1032 1312; x_wconf 73' lang='lat' dir='ltr'><strong>ventoS,</strong></span> <span class='ocrx_word' id='word_1_60' title='bbox 1055 1231 1202 1295; x_wconf 89' lang='lat' dir='ltr'><strong>austrum</strong></span> <span class='ocrx_word' id='word_1_61' title='bbox 1221 1230 1317 1313; x_wconf 88' lang='lat' dir='ltr'><strong>atque</strong></span> <span class='ocrx_word' id='word_1_62' title='bbox 1336 1227 1425 1340; x_wconf 85' lang='lat' dir='ltr'><strong>aqui·</strong></span> 
     </span>
     <span class='ocr_line' id='line_1_10' title="bbox 1078 1335 1200 1421; baseline 0.016 -23"><span class='ocrx_word' id='word_1_63' title='bbox 1078 1335 1200 1421; x_wconf 87' lang='lat' dir='ltr'><strong>Ionem,</strong></span> 
     </span>
    </p>

    <p class='ocr_par' dir='ltr' id='par_1_5' title="bbox 438 1435 1212 1527">
     <span class='ocr_line' id='line_1_11' title="bbox 438 1435 1212 1527; baseline 0.005 -25"><span class='ocrx_word' id='word_1_64' title='bbox 438 1435 576 1503; x_wconf 86' lang='lat' dir='ltr'><strong>Novisse</strong></span> <span class='ocrx_word' id='word_1_65' title='bbox 600 1437 709 1503; x_wconf 88' lang='lat' dir='ltr'><strong>aiebat</strong></span> <span class='ocrx_word' id='word_1_66' title='bbox 694 1440 832 1524; x_wconf 80' lang='lat' dir='ltr'><strong>tsolos,</strong></span> <span class='ocrx_word' id='word_1_67' title='bbox 855 1440 910 1505; x_wconf 90' lang='lat' dir='ltr'><strong>sed</strong></span> <span class='ocrx_word' id='word_1_68' title='bbox 934 1440 1106 1527; x_wconf 90' lang='lat' dir='ltr'><strong>demagis</strong></span> <span class='ocrx_word' id='word_1_69' title='bbox 1130 1441 1212 1507; x_wconf 87' lang='lat' dir='ltr'><strong>istos</strong></span> 
     </span>
    </p>

    <p class='ocr_par' dir='ltr' id='par_1_6' title="bbox 438 1544 1315 1633">
     <span class='ocr_line' id='line_1_12' title="bbox 438 1544 1315 1633; baseline 0.006 -26"><span class='ocrx_word' id='word_1_70' title='bbox 438 1544 488 1608; x_wconf 80' lang='lat' dir='ltr'><strong>Ex</strong></span> <span class='ocrx_word' id='word_1_71' title='bbox 511 1544 621 1610; x_wconf 88' lang='lat' dir='ltr'><strong>nimbo</strong></span> <span class='ocrx_word' id='word_1_72' title='bbox 647 1547 800 1612; x_wconf 88' lang='lat' dir='ltr'><strong>austellos</strong></span> <span class='ocrx_word' id='word_1_73' title='bbox 824 1567 883 1611; x_wconf 89' lang='lat' dir='ltr'><strong>nec</strong></span> <span class='ocrx_word' id='word_1_74' title='bbox 905 1568 1001 1612; x_wconf 90' lang='lat' dir='ltr'><strong>nosse</strong></span> <span class='ocrx_word' id='word_1_75' title='bbox 1023 1569 1083 1612; x_wconf 89' lang='lat' dir='ltr'><strong>neo</strong></span> <span class='ocrx_word' id='word_1_76' title='bbox 1106 1569 1176 1612; x_wconf 89' lang='lat' dir='ltr'><strong>esse</strong></span> <span class='ocrx_word' id='word_1_77' title='bbox 1199 1552 1315 1633; x_wconf 90' lang='lat' dir='ltr'><strong>putare</strong></span> 
     </span>
    </p>
   </div>
   <div class='ocr_carea' id='block_1_5' title="bbox 197 1670 1530 3038">
    <p class='ocr_par' dir='ltr' id='par_1_7' title="bbox 197 1670 1530 3038">
     <span class='ocr_line' id='line_1_13' title="bbox 280 1670 1425 1757; baseline 0.003 -23"><span class='ocrx_word' id='word_1_78' title='bbox 280 1670 328 1734; x_wconf 91' lang='lat' dir='ltr'><strong>De</strong></span> <span class='ocrx_word' id='word_1_79' title='bbox 351 1670 487 1754; x_wconf 64' lang='lat' dir='ltr'><strong>ammo</strong></span> <span class='ocrx_word' id='word_1_80' title='bbox 511 1671 666 1736; x_wconf 88' lang='lat' dir='ltr'><strong>vocabulo</strong></span> <span class='ocrx_word' id='word_1_81' title='bbox 690 1694 824 1756; x_wconf 88' lang='lat' dir='ltr'><strong>prorsus</strong></span> <span class='ocrx_word' id='word_1_82' title='bbox 844 1672 1007 1737; x_wconf 88' lang='lat' dir='ltr'><strong>contraria</strong></span> <span class='ocrx_word' id='word_1_83' title='bbox 1030 1673 1260 1757; x_wconf 89' lang='lat' dir='ltr'><strong>glossographi</strong></span> <span class='ocrx_word' id='word_1_84' title='bbox 1279 1672 1425 1738; x_wconf 86' lang='lat' dir='ltr'><strong>docuisse</strong></span> 
     </span>
     <span class='ocr_line' id='line_1_14' title="bbox 280 1775 1425 1870; baseline 0.003 -28"><span class='ocrx_word' id='word_1_85' title='bbox 280 1777 437 1843; x_wconf 88' lang='lat' dir='ltr'><strong>videntur.</strong></span> <span class='ocrx_word' id='word_1_86' title='bbox 475 1775 557 1842; x_wconf 77' lang='lat' dir='ltr'><strong>Cum</strong></span> <span class='ocrx_word' id='word_1_87' title='bbox 580 1778 666 1842; x_wconf 89' lang='lat' dir='ltr'><strong>enim</strong></span> <span class='ocrx_word' id='word_1_88' title='bbox 689 1777 805 1843; x_wconf 77' lang='lat' dir='ltr'><strong>Festus</strong></span> <span class='ocrx_word' id='word_1_89' title='bbox 828 1778 921 1844; x_wconf 89' lang='lat' dir='ltr'><strong>Pauli</strong></span> <span class='ocrx_word' id='word_1_90' title='bbox 944 1801 975 1863; x_wconf 90' lang='lat' dir='ltr'><strong>p.</strong></span> <span class='ocrx_word' id='word_1_91' title='bbox 995 1779 1080 1862; x_wconf 81' lang='grc'>71,9</span> <span class='ocrx_word' id='word_1_92' title='bbox 1106 1777 1267 1870; x_wconf 67' lang='lat' dir='ltr'><strong>fantiquos</strong></span> <span class='ocrx_word' id='word_1_93' title='bbox 1291 1781 1425 1862; x_wconf 62' lang='lat' dir='ltr'><strong>magis</strong></span> 
     </span>
     <span class='ocr_line' id='line_1_15' title="bbox 279 1884 1425 1970; baseline 0.003 -22"><span class='ocrx_word' id='word_1_94' title='bbox 279 1906 338 1969; x_wconf 92' lang='lat' dir='ltr'><strong>pro</strong></span> <span class='ocrx_word' id='word_1_95' title='bbox 366 1885 470 1949; x_wconf 81' lang='lat' dir='ltr'><strong>minus</strong></span> <span class='ocrx_word' id='word_1_96' title='bbox 498 1884 631 1950; x_wconf 86' lang='lat' dir='ltr'><strong>dixisse&#39;</strong></span> <span class='ocrx_word' id='word_1_97' title='bbox 659 1885 782 1970; x_wconf 88' lang='lat' dir='ltr'><strong>tradat,</strong></span> <span class='ocrx_word' id='word_1_98' title='bbox 810 1885 936 1951; x_wconf 90' lang='lat' dir='ltr'><strong>Nonius</strong></span> <span class='ocrx_word' id='word_1_99' title='bbox 965 1887 1093 1968; x_wconf 87' lang='lat' dir='ltr'><strong>contra,</strong></span> <span class='ocrx_word' id='word_1_100' title='bbox 1124 1885 1180 1949; x_wconf 90' lang='lat' dir='ltr'><strong>ubi</strong></span> <span class='ocrx_word' id='word_1_101' title='bbox 1208 1907 1320 1950; x_wconf 86' lang='lat' dir='ltr'><strong>versus</strong></span> <span class='ocrx_word' id='word_1_102' title='bbox 1350 1887 1425 1951; x_wconf 91' lang='lat' dir='ltr'><strong>illos</strong></span> 
     </span>
     <span class='ocr_line' id='line_1_16' title="bbox 279 1989 1424 2077; baseline 0.003 -23"><span class='ocrx_word' id='word_1_103' title='bbox 279 1990 382 2055; x_wconf 87' lang='lat' dir='ltr'><strong>Lucili</strong></span> <span class='ocrx_word' id='word_1_104' title='bbox 411 1991 566 2075; x_wconf 85' lang='lat' dir='ltr'><strong>servavit,</strong></span> <span class='ocrx_word' id='word_1_105' title='bbox 594 2015 625 2076; x_wconf 90' lang='lat' dir='ltr'><strong>p.</strong></span> <span class='ocrx_word' id='word_1_106' title='bbox 648 1992 767 2076; x_wconf 79' lang='lat'><strong>98,15</strong></span> <span class='ocrx_word' id='word_1_107' title='bbox 790 1991 900 2056; x_wconf 75' lang='lat' dir='ltr'><strong>‘valde</strong></span> <span class='ocrx_word' id='word_1_108' title='bbox 926 1989 1048 2076; x_wconf 89' lang='lat' dir='ltr'><strong>magis&#39;</strong></span> <span class='ocrx_word' id='word_1_109' title='bbox 1077 1990 1159 2056; x_wconf 90' lang='lat' dir='ltr'><strong>illud</strong></span> <span class='ocrx_word' id='word_1_110' title='bbox 1187 1991 1424 2077; x_wconf 88' lang='lat' dir='ltr'><strong>interpretatur.</strong></span> 
     </span>
     <span class='ocr_line' id='line_1_17' title="bbox 281 2094 1424 2183; baseline 0.003 -21"><span class='ocrx_word' id='word_1_111' title='bbox 281 2096 362 2162; x_wconf 78' lang='lat' dir='ltr'><strong>(lum</strong></span> <span class='ocrx_word' id='word_1_112' title='bbox 385 2094 492 2161; x_wconf 91' lang='lat' dir='ltr'><strong>Nonio</strong></span> <span class='ocrx_word' id='word_1_113' title='bbox 518 2100 627 2162; x_wconf 88' lang='lat' dir='ltr'><strong>autem</strong></span> <span class='ocrx_word' id='word_1_114' title='bbox 651 2097 773 2164; x_wconf 87' lang='lat' dir='ltr'><strong>faciunt</strong></span> <span class='ocrx_word' id='word_1_115' title='bbox 796 2099 877 2163; x_wconf 88' lang='lat' dir='ltr'><strong>duae</strong></span> <span class='ocrx_word' id='word_1_116' title='bbox 901 2098 1044 2183; x_wconf 85' lang='lat' dir='ltr'><strong>glossae:</strong></span> <span class='ocrx_word' id='word_1_117' title='bbox 1067 2100 1251 2182; x_wconf 75' lang='lat' dir='ltr'><strong>demope&#39;s:</strong></span> <span class='ocrx_word' id='word_1_118' title='bbox 1276 2104 1424 2181; x_wconf 80' lang='grc' dir='ltr'>εφοδρῶ(</span> 
     </span>
     <span class='ocr_line' id='line_1_18' title="bbox 280 2201 1424 2289; baseline 0.003 -23"><span class='ocrx_word' id='word_1_119' title='bbox 280 2201 451 2268; x_wconf 85' lang='lat' dir='ltr'><strong>Philoxeni</strong></span> <span class='ocrx_word' id='word_1_120' title='bbox 478 2225 509 2286; x_wconf 91' lang='lat' dir='ltr'><strong>p.</strong></span> <span class='ocrx_word' id='word_1_121' title='bbox 534 2203 585 2289; x_wconf 82' lang='grc'><strong>65,</strong></span> <span class='ocrx_word' id='word_1_122' title='bbox 609 2206 661 2289; x_wconf 83' lang='grc'><strong>47,</strong></span> <span class='ocrx_word' id='word_1_123' title='bbox 692 2226 789 2288; x_wconf 88' lang='lat' dir='ltr'><strong>quam</strong></span> <span class='ocrx_word' id='word_1_124' title='bbox 817 2204 882 2269; x_wconf 89' lang='lat' dir='ltr'><strong>iam</strong></span> <span class='ocrx_word' id='word_1_125' title='bbox 911 2203 1056 2289; x_wconf 77' lang='lat' dir='ltr'><strong>Scaliger</strong></span> <span class='ocrx_word' id='word_1_126' title='bbox 1084 2204 1196 2269; x_wconf 87' lang='lat' dir='ltr'><strong>attulit</strong></span> <span class='ocrx_word' id='word_1_127' title='bbox 1223 2204 1264 2270; x_wconf 91' lang='lat' dir='ltr'><strong>ad</strong></span> <span class='ocrx_word' id='word_1_128' title='bbox 1291 2204 1424 2271; x_wconf 87' lang='lat' dir='ltr'><strong>Festum</strong></span> 
     </span>
     <span class='ocr_line' id='line_1_19' title="bbox 197 2305 1425 2398; baseline 0.002 -23"><span class='ocrx_word' id='word_1_129' title='bbox 197 2305 201 2312; x_wconf 52' lang='lat'><strong>¹</strong></span> <span class='ocrx_word' id='word_1_130' title='bbox 280 2311 301 2375; x_wconf 91' lang='lat' dir='ltr'><strong>l.</strong></span> <span class='ocrx_word' id='word_1_131' title='bbox 317 2334 340 2376; x_wconf 91' lang='lat' dir='ltr'><strong>s.</strong></span> <span class='ocrx_word' id='word_1_132' title='bbox 356 2334 389 2394; x_wconf 83' lang='lat' dir='ltr'><strong>s,</strong></span> <span class='ocrx_word' id='word_1_133' title='bbox 408 2313 441 2375; x_wconf 89' lang='lat' dir='ltr'><strong>et</strong></span> <span class='ocrx_word' id='word_1_134' title='bbox 459 2311 641 2394; x_wconf 73' lang='lat' dir='ltr'><strong>demoqis:</strong></span> <span class='ocrx_word' id='word_1_135' title='bbox 666 2311 858 2391; x_wconf 75' lang='lat' dir='ltr'><strong>vehementer,</strong></span> <span class='ocrx_word' id='word_1_136' title='bbox 877 2334 975 2397; x_wconf 85' lang='lat' dir='ltr'><strong>quam</strong></span> <span class='ocrx_word' id='word_1_137' title='bbox 996 2334 1034 2376; x_wconf 89' lang='lat' dir='ltr'><strong>ex</strong></span> <span class='ocrx_word' id='word_1_138' title='bbox 1052 2309 1293 2395; x_wconf 76' lang='lat' dir='ltr'><strong>Amplonianis²</strong></span> <span class='ocrx_word' id='word_1_139' title='bbox 1306 2334 1336 2396; x_wconf 90' lang='lat' dir='ltr'><strong>p.</strong></span> <span class='ocrx_word' id='word_1_140' title='bbox 1351 2313 1425 2398; x_wconf 87' lang='grc'>296,</span> 
     </span>
     <span class='ocr_line' id='line_1_20' title="bbox 281 2399 1530 2504; baseline 0.001 -22"><span class='ocrx_word' id='word_1_141' title='bbox 281 2419 324 2483; x_wconf 91' lang='grc'><strong>66</strong></span> <span class='ocrx_word' id='word_1_142' title='bbox 343 2415 509 2503; x_wconf 78' lang='lat' dir='ltr'><strong>(netimeas</strong></span> <span class='ocrx_word' id='word_1_143' title='bbox 524 2417 601 2502; x_wconf 85' lang='lat' dir='ltr'><strong>cod,</strong></span> <span class='ocrx_word' id='word_1_144' title='bbox 620 2418 705 2502; x_wconf 88' lang='lat' dir='ltr'><strong>quod</strong></span> <span class='ocrx_word' id='word_1_145' title='bbox 720 2418 907 2483; x_wconf 72' lang='lat' dir='ltr'><strong>dubitanter</strong></span> <span class='ocrx_word' id='word_1_146' title='bbox 920 2419 955 2482; x_wconf 91' lang='lat' dir='ltr'><strong>in</strong></span> <span class='ocrx_word' id='word_1_147' title='bbox 968 2409 1152 2483; x_wconf 78' lang='lat' dir='ltr'><strong>uehementer</strong></span> <span class='ocrx_word' id='word_1_148' title='bbox 1165 2415 1304 2504; x_wconf 88' lang='lat' dir='ltr'><strong>mutavi)</strong></span> <span class='ocrx_word' id='word_1_149' title='bbox 1323 2418 1425 2484; x_wconf 90' lang='lat' dir='ltr'><strong>hausi.</strong></span> <span class='ocrx_word' id='word_1_150' title='bbox 1527 2399 1530 2419; x_wconf 62' lang='grc'>’</span> 
     </span>
     <span class='ocr_line' id='line_1_21' title="bbox 280 2523 1425 2611; baseline 0.001 -22"><span class='ocrx_word' id='word_1_151' title='bbox 280 2523 427 2589; x_wconf 80' lang='lat' dir='ltr'><strong>Eandem</strong></span> <span class='ocrx_word' id='word_1_152' title='bbox 446 2545 559 2589; x_wconf 87' lang='lat' dir='ltr'><strong>vocem</strong></span> <span class='ocrx_word' id='word_1_153' title='bbox 578 2524 662 2608; x_wconf 89' lang='lat' dir='ltr'><strong>apud</strong></span> <span class='ocrx_word' id='word_1_154' title='bbox 678 2523 831 2590; x_wconf 91' lang='lat' dir='ltr'><strong>Plautum</strong></span> <span class='ocrx_word' id='word_1_155' title='bbox 853 2524 1025 2610; x_wconf 83' lang='lat' dir='ltr'><strong>indagasse</strong></span> <span class='ocrx_word' id='word_1_156' title='bbox 1049 2524 1175 2590; x_wconf 72' lang='lat' dir='ltr'><strong>videtsu</strong></span> <span class='ocrx_word' id='word_1_157' title='bbox 1198 2523 1355 2611; x_wconf 81' lang='lat' dir='ltr'><strong>Scaligeri</strong></span> <span class='ocrx_word' id='word_1_158' title='bbox 1379 2525 1425 2590; x_wconf 89' lang='lat' dir='ltr'><strong>di-</strong></span> 
     </span>
     <span class='ocr_line' id='line_1_22' title="bbox 280 2623 1427 2716; baseline 0.003 -21"><span class='ocrx_word' id='word_1_159' title='bbox 280 2631 359 2696; x_wconf 88' lang='lat' dir='ltr'><strong>vina</strong></span> <span class='ocrx_word' id='word_1_160' title='bbox 382 2630 558 2716; x_wconf 87' lang='lat' dir='ltr'><strong>sagacitas;</strong></span> <span class='ocrx_word' id='word_1_161' title='bbox 588 2633 633 2697; x_wconf 91' lang='lat' dir='ltr'><strong>sic</strong></span> <span class='ocrx_word' id='word_1_162' title='bbox 662 2633 749 2697; x_wconf 89' lang='lat' dir='ltr'><strong>enim</strong></span> <span class='ocrx_word' id='word_1_163' title='bbox 772 2632 827 2697; x_wconf 90' lang='lat' dir='ltr'><strong>ille</strong></span> <span class='ocrx_word' id='word_1_164' title='bbox 851 2632 892 2697; x_wconf 89' lang='lat' dir='ltr'><strong>ad</strong></span> <span class='ocrx_word' id='word_1_165' title='bbox 914 2623 1047 2696; x_wconf 83' lang='lat' dir='ltr'><strong>Festum</strong></span> <span class='ocrx_word' id='word_1_166' title='bbox 1068 2632 1089 2695; x_wconf 91' lang='lat' dir='ltr'><strong>l.</strong></span> <span class='ocrx_word' id='word_1_167' title='bbox 1109 2653 1132 2695; x_wconf 89' lang='lat' dir='ltr'><strong>s.</strong></span> <span class='ocrx_word' id='word_1_168' title='bbox 1151 2654 1191 2697; x_wconf 67' lang='lat' dir='ltr'><strong>ss</strong></span> <span class='ocrx_word' id='word_1_169' title='bbox 1216 2631 1234 2696; x_wconf 83' lang='lat'><strong>‘.</strong></span> <span class='ocrx_word' id='word_1_170' title='bbox 1249 2681 1279 2696; x_wconf 93' lang='lat'><strong>..</strong></span> <span class='ocrx_word' id='word_1_171' title='bbox 1302 2632 1341 2696; x_wconf 92' lang='lat' dir='ltr'><strong>de</strong></span> <span class='ocrx_word' id='word_1_172' title='bbox 1364 2632 1427 2698; x_wconf 87' lang='lat' dir='ltr'><strong>hoo</strong></span> 
     </span>
     <span class='ocr_line' id='line_1_23' title="bbox 281 2737 1426 2824; baseline 0.003 -22"><span class='ocrx_word' id='word_1_173' title='bbox 281 2738 362 2803; x_wconf 88' lang='lat' dir='ltr'><strong>satis</strong></span> <span class='ocrx_word' id='word_1_174' title='bbox 387 2737 530 2803; x_wconf 88' lang='lat' dir='ltr'><strong>dicemus</strong></span> <span class='ocrx_word' id='word_1_175' title='bbox 558 2740 594 2805; x_wconf 91' lang='lat' dir='ltr'><strong>in</strong></span> <span class='ocrx_word' id='word_1_176' title='bbox 614 2739 789 2807; x_wconf 88' lang='lat' dir='ltr'><strong>Plautum&#39;.</strong></span> <span class='ocrx_word' id='word_1_177' title='bbox 830 2740 1051 2824; x_wconf 85' lang='lat' dir='ltr'><strong>Maximopere</strong></span> <span class='ocrx_word' id='word_1_178' title='bbox 1075 2738 1246 2804; x_wconf 91' lang='lat' dir='ltr'><strong>dolendum</strong></span> <span class='ocrx_word' id='word_1_179' title='bbox 1276 2742 1326 2804; x_wconf 90' lang='lat' dir='ltr'><strong>est</strong></span> <span class='ocrx_word' id='word_1_180' title='bbox 1353 2762 1426 2805; x_wconf 92' lang='lat' dir='ltr'><strong>eum</strong></span> 
     </span>
     <span class='ocr_line' id='line_1_24' title="bbox 281 2844 1426 2932; baseline 0.003 -24"><span class='ocrx_word' id='word_1_181' title='bbox 281 2844 367 2932; x_wconf 84' lang='lat' dir='ltr'><strong>quod</strong></span> <span class='ocrx_word' id='word_1_182' title='bbox 393 2845 455 2910; x_wconf 91' lang='lat' dir='ltr'><strong>hoc</strong></span> <span class='ocrx_word' id='word_1_183' title='bbox 481 2845 553 2912; x_wconf 91' lang='lat' dir='ltr'><strong>loco</strong></span> <span class='ocrx_word' id='word_1_184' title='bbox 582 2845 747 2930; x_wconf 89' lang='lat' dir='ltr'><strong>promittit</strong></span> <span class='ocrx_word' id='word_1_185' title='bbox 773 2849 881 2911; x_wconf 91' lang='lat' dir='ltr'><strong>ratum</strong></span> <span class='ocrx_word' id='word_1_186' title='bbox 903 2867 970 2911; x_wconf 92' lang='lat' dir='ltr'><strong>non</strong></span> <span class='ocrx_word' id='word_1_187' title='bbox 992 2845 1122 2911; x_wconf 88' lang='lat' dir='ltr'><strong>fecisse:</strong></span> <span class='ocrx_word' id='word_1_188' title='bbox 1152 2867 1255 2930; x_wconf 90' lang='lat' dir='ltr'><strong>neque</strong></span> <span class='ocrx_word' id='word_1_189' title='bbox 1279 2847 1363 2912; x_wconf 88' lang='lat' dir='ltr'><strong>enim</strong></span> <span class='ocrx_word' id='word_1_190' title='bbox 1387 2847 1426 2912; x_wconf 97' lang='lat' dir='ltr'><strong>de</strong></span> 
     </span>
     <span class='ocr_line' id='line_1_25' title="bbox 280 2951 1280 3038; baseline 0.002 -22"><span class='ocrx_word' id='word_1_191' title='bbox 280 2953 433 3018; x_wconf 89' lang='lat' dir='ltr'><strong>Plautino</strong></span> <span class='ocrx_word' id='word_1_192' title='bbox 455 2952 551 3018; x_wconf 90' lang='lat' dir='ltr'><strong>huius</strong></span> <span class='ocrx_word' id='word_1_193' title='bbox 576 2953 723 3019; x_wconf 86' lang='lat' dir='ltr'><strong>adverbii</strong></span> <span class='ocrx_word' id='word_1_194' title='bbox 746 2976 807 3019; x_wconf 91' lang='lat' dir='ltr'><strong>usu</strong></span> <span class='ocrx_word' id='word_1_195' title='bbox 830 2953 1001 3038; x_wconf 87' lang='lat' dir='ltr'><strong>quicquam</strong></span> <span class='ocrx_word' id='word_1_196' title='bbox 1024 2951 1120 3019; x_wconf 90' lang='lat' dir='ltr'><strong>hodie</strong></span> <span class='ocrx_word' id='word_1_197' title='bbox 1144 2956 1280 3018; x_wconf 88' lang='lat' dir='ltr'><strong>constat.</strong></span> 
     </span>
    </p>
   </div>
   <div class='ocr_carea' id='block_1_6' title="bbox 281 3102 1427 3403">
    <p class='ocr_par' dir='ltr' id='par_1_8' title="bbox 281 3102 1426 3403">
     <span class='ocr_line' id='line_1_26' title="bbox 372 3102 1426 3190; baseline 0.002 -22"><span class='ocrx_word' id='word_1_198' title='bbox 372 3104 401 3169; x_wconf 80' lang='lat'><strong>7.</strong></span> <span class='ocrx_word' id='word_1_199' title='bbox 423 3103 477 3168; x_wconf 90' lang='lat' dir='ltr'><strong>lnt</strong></span> <span class='ocrx_word' id='word_1_200' title='bbox 463 3106 512 3168; x_wconf 89' lang='lat' dir='ltr'><strong>ter</strong></span> <span class='ocrx_word' id='word_1_201' title='bbox 525 3103 649 3169; x_wconf 86' lang='lat' dir='ltr'><strong>Placidi</strong></span> <span class='ocrx_word' id='word_1_202' title='bbox 670 3103 796 3190; x_wconf 84' lang='lat' dir='ltr'><strong>glossas</strong></span> <span class='ocrx_word' id='word_1_203' title='bbox 819 3102 907 3168; x_wconf 88' lang='lat' dir='ltr'><strong>haud</strong></span> <span class='ocrx_word' id='word_1_204' title='bbox 929 3125 1050 3187; x_wconf 89' lang='lat' dir='ltr'><strong>paucas</strong></span> <span class='ocrx_word' id='word_1_205' title='bbox 1063 3104 1250 3169; x_wconf 80' lang='lat' dir='ltr'><strong>Lucilianae</strong></span> <span class='ocrx_word' id='word_1_206' title='bbox 1265 3125 1335 3169; x_wconf 89' lang='lat' dir='ltr'><strong>esse</strong></span> <span class='ocrx_word' id='word_1_207' title='bbox 1354 3126 1426 3170; x_wconf 90' lang='lat' dir='ltr'><strong>cum</strong></span> 
     </span>
     <span class='ocr_line' id='line_1_27' title="bbox 282 3209 1427 3350; baseline 0 -74"><span class='ocrx_word' id='word_1_208' title='bbox 282 3217 380 3295; x_wconf 87' lang='lat' dir='ltr'><strong>supra</strong></span> <span class='ocrx_word' id='word_1_209' title='bbox 403 3210 554 3276; x_wconf 90' lang='lat' dir='ltr'><strong>demonst</strong></span> <span class='ocrx_word' id='word_1_210' title='bbox 539 3211 746 3296; x_wconf 77' lang='lat' dir='ltr'><strong>traverimus,</strong></span> <span class='ocrx_word' id='word_1_211' title='bbox 775 3209 848 3275; x_wconf 84' lang='lat' dir='ltr'><strong>vide</strong></span> <span class='ocrx_word' id='word_1_212' title='bbox 875 3232 953 3275; x_wconf 90' lang='lat' dir='ltr'><strong>num</strong></span> <span class='ocrx_word' id='word_1_213' title='bbox 975 3232 1096 3276; x_wconf 88' lang='lat' dir='ltr'><strong>novum</strong></span> <span class='ocrx_word' id='word_1_214' title='bbox 1123 3213 1200 3296; x_wconf 92' lang='lat' dir='ltr'><strong>poet</strong></span> <span class='ocrx_word' id='word_1_215' title='bbox 1202 3232 1239 3275; x_wconf 88' lang='lat' dir='ltr'><strong>ae</strong></span> <span class='ocrx_word' id='word_1_216' title='bbox 1267 3211 1427 3350; x_wconf 84' lang='lat' dir='ltr'><strong>fragmen-</strong></span> 
     </span>
     <span class='ocr_line' id='line_1_28' title="bbox 281 3317 791 3403; baseline -0.002 -20"><span class='ocrx_word' id='word_1_217' title='bbox 281 3317 383 3383; x_wconf 90' lang='lat' dir='ltr'><strong>tum</strong></span> <span class='ocrx_word' id='word_1_218' title='bbox 374 3340 409 3382; x_wconf 90' lang='lat' dir='ltr'><strong>m</strong></span> <span class='ocrx_word' id='word_1_219' title='bbox 431 3317 492 3382; x_wconf 91' lang='lat' dir='ltr'><strong>hac</strong></span> <span class='ocrx_word' id='word_1_220' title='bbox 515 3319 649 3403; x_wconf 90' lang='lat' dir='ltr'><strong>agnosci</strong></span> <span class='ocrx_word' id='word_1_221' title='bbox 671 3318 791 3403; x_wconf 89' lang='lat' dir='ltr'><strong>possit:</strong></span> 
     </span>
    </p>
   </div>
   <div class='ocr_carea' id='block_1_7' title="bbox 358 3442 1351 3527">
    <p class='ocr_par' dir='ltr' id='par_1_9' title="bbox 358 3442 1351 3527">
     <span class='ocr_line' id='line_1_29' title="bbox 358 3442 1351 3527; baseline 0 -19"><span class='ocrx_word' id='word_1_222' title='bbox 358 3442 529 3508; x_wconf 77' lang='lat' dir='ltr'><strong>iuvenale</strong></span> <span class='ocrx_word' id='word_1_223' title='bbox 551 3442 670 3523; x_wconf 77' lang='lat' dir='ltr'><strong>otor.</strong></span> <span class='ocrx_word' id='word_1_224' title='bbox 694 3463 811 3527; x_wconf 83' lang='lat' dir='ltr'><strong>semper</strong></span> <span class='ocrx_word' id='word_1_225' title='bbox 832 3443 934 3508; x_wconf 75' lang='lat' dir='ltr'><strong>ciras</strong></span> <span class='ocrx_word' id='word_1_226' title='bbox 956 3447 985 3508; x_wconf 79' lang='lat' dir='ltr'><strong>et</strong></span> <span class='ocrx_word' id='word_1_227' title='bbox 1004 3461 1176 3523; x_wconf 76' lang='lat' dir='ltr'><strong>numquam</strong></span> <span class='ocrx_word' id='word_1_228' title='bbox 1197 3461 1351 3508; x_wconf 76' lang='lat' dir='ltr'><strong>senescens</strong></span> 
     </span>
    </p>
   </div>
   <div class='ocr_carea' id='block_1_8' title="bbox 369 3548 1427 3814">
    <p class='ocr_par' dir='ltr' id='par_1_10' title="bbox 369 3548 1427 3814">
     <span class='ocr_line' id='line_1_30' title="bbox 589 3548 1170 3629; baseline -0.002 -15"><span class='ocrx_word' id='word_1_229' title='bbox 589 3548 704 3629; x_wconf 80' lang='lat' dir='ltr'><strong>tumea,</strong></span> <span class='ocrx_word' id='word_1_230' title='bbox 727 3553 763 3614; x_wconf 80' lang='lat' dir='ltr'><strong>ot</strong></span> <span class='ocrx_word' id='word_1_231' title='bbox 783 3549 812 3614; x_wconf 82' lang='lat' dir='ltr'><strong>si</strong></span> <span class='ocrx_word' id='word_1_232' title='bbox 834 3550 870 3614; x_wconf 85' lang='lat' dir='ltr'><strong>da</strong></span> <span class='ocrx_word' id='word_1_233' title='bbox 892 3548 953 3628; x_wconf 82' lang='lat' dir='ltr'><strong>sote</strong></span> <span class='ocrx_word' id='word_1_234' title='bbox 974 3549 1114 3614; x_wconf 68' lang='lat' dir='ltr'><strong>cibamus</strong></span> <span class='ocrx_word' id='word_1_235' title='bbox 1166 3561 1170 3566; x_wconf 82' lang='grc'>·</span> 
     </span>
     <span class='ocr_line' id='line_1_31' title="bbox 369 3649 1427 3724; baseline -0.001 -14"><span class='ocrx_word' id='word_1_236' title='bbox 369 3654 500 3710; x_wconf 90' lang='lat' dir='ltr'><strong>Placidus</strong></span> <span class='ocrx_word' id='word_1_237' title='bbox 518 3671 544 3724; x_wconf 90' lang='lat' dir='ltr'><strong>p.</strong></span> <span class='ocrx_word' id='word_1_238' title='bbox 563 3657 604 3722; x_wconf 81' lang='lat'><strong>55,</strong></span> <span class='ocrx_word' id='word_1_239' title='bbox 615 3657 662 3708; x_wconf 80' lang='lat'><strong>25:</strong></span> <span class='ocrx_word' id='word_1_240' title='bbox 678 3653 782 3722; x_wconf 80' lang='lat' dir='ltr'><strong>ptores</strong></span> <span class='ocrx_word' id='word_1_241' title='bbox 800 3650 879 3719; x_wconf 89' lang='lat' dir='ltr'><strong>libri;</strong></span> <span class='ocrx_word' id='word_1_242' title='bbox 898 3651 1059 3707; x_wconf 85' lang='lat' dir='ltr'><strong>emendavit</strong></span> <span class='ocrx_word' id='word_1_243' title='bbox 1072 3649 1276 3722; x_wconf 85' lang='lat' dir='ltr'><strong>Deuerlingius.</strong></span> <span class='ocrx_word' id='word_1_244' title='bbox 1305 3652 1427 3710; x_wconf 85' lang='lat' dir='ltr'><strong>Litteras</strong></span> 
     </span>
     <span class='ocr_line' id='line_1_32' title="bbox 369 3741 754 3814; baseline -0.008 -16"><span class='ocrx_word' id='word_1_245' title='bbox 369 3759 486 3814; x_wconf 58' lang='lat' dir='ltr'><strong>vaccas</strong></span> <span class='ocrx_word' id='word_1_246' title='bbox 504 3759 555 3797; x_wconf 90' lang='lat' dir='ltr'><strong>nos</strong></span> <span class='ocrx_word' id='word_1_247' title='bbox 572 3741 754 3810; x_wconf 76' lang='lat' dir='ltr'><strong>restituimus.</strong></span> 
     </span>
    </p>
   </div>
   <div class='ocr_carea' id='block_1_9' title="bbox 193 3849 1427 4029">
    <p class='ocr_par' dir='ltr' id='par_1_11' title="bbox 193 3849 1427 4029">
     <span class='ocr_line' id='line_1_33' title="bbox 193 3849 1427 3946; baseline -0.003 -25"><span class='ocrx_word' id='word_1_248' title='bbox 193 3923 205 3946; x_wconf 38' lang='lat'><strong><em>⁴</em></strong></span> <span class='ocrx_word' id='word_1_249' title='bbox 280 3853 391 3944; x_wconf 88' lang='lat' dir='ltr'><strong>Habes</strong></span> <span class='ocrx_word' id='word_1_250' title='bbox 415 3853 605 3938; x_wconf 89' lang='lat' dir='ltr'><strong>rhythmum</strong></span> <span class='ocrx_word' id='word_1_251' title='bbox 627 3856 664 3917; x_wconf 92' lang='lat' dir='ltr'><strong>ut</strong></span> <span class='ocrx_word' id='word_1_252' title='bbox 691 3851 820 3917; x_wconf 88' lang='lat' dir='ltr'><strong>videtur</strong></span> <span class='ocrx_word' id='word_1_253' title='bbox 849 3849 1046 3935; x_wconf 86' lang='lat' dir='ltr'><strong>dactylicum</strong></span> <span class='ocrx_word' id='word_1_254' title='bbox 1074 3853 1108 3914; x_wconf 84' lang='lat' dir='ltr'><strong>et</strong></span> <span class='ocrx_word' id='word_1_255' title='bbox 1134 3870 1247 3915; x_wconf 86' lang='lat' dir='ltr'><strong>vocem</strong></span> <span class='ocrx_word' id='word_1_256' title='bbox 1275 3870 1427 3935; x_wconf 86' lang='lat' dir='ltr'><strong>graecam</strong></span> 
     </span>
     <span class='ocr_line' id='line_1_34' title="bbox 281 3960 694 4029; baseline -0.012 -1"><span class='ocrx_word' id='word_1_257' title='bbox 281 3963 366 4029; x_wconf 90' lang='lat' dir='ltr'><strong>inter</strong></span> <span class='ocrx_word' id='word_1_258' title='bbox 387 3962 506 4027; x_wconf 88' lang='lat' dir='ltr'><strong>latinas</strong></span> <span class='ocrx_word' id='word_1_259' title='bbox 529 3960 694 4026; x_wconf 88' lang='lat' dir='ltr'><strong>insertam.</strong></span> 
     </span>
    </p>
   </div>
   <div class='ocr_carea' id='block_1_10' title="bbox 171 4081 1558 4511">
    <p class='ocr_par' dir='ltr' id='par_1_12' title="bbox 171 4081 1558 4511">
     <span class='ocr_line' id='line_1_35' title="bbox 372 4081 1558 4187; baseline -0.006 -16"><span class='ocrx_word' id='word_1_260' title='bbox 372 4104 402 4171; x_wconf 87' lang='grc'><strong>8.</strong></span> <span class='ocrx_word' id='word_1_261' title='bbox 425 4105 454 4169; x_wconf 90' lang='grc'><strong>9.</strong></span> <span class='ocrx_word' id='word_1_262' title='bbox 489 4081 625 4169; x_wconf 75' lang='lat' dir='ltr'><strong>Duabus</strong></span> <span class='ocrx_word' id='word_1_263' title='bbox 653 4099 794 4167; x_wconf 76' lang='lat' dir='ltr'><strong>‘Isidori’</strong></span> <span class='ocrx_word' id='word_1_264' title='bbox 826 4100 943 4187; x_wconf 88' lang='lat' dir='ltr'><strong>glossis</strong></span> <span class='ocrx_word' id='word_1_265' title='bbox 972 4097 1118 4184; x_wconf 81' lang='lat' dir='ltr'><strong>Scaliger</strong></span> <span class='ocrx_word' id='word_1_266' title='bbox 1146 4096 1426 4164; x_wconf 88' lang='lat' dir='ltr'><strong>adnotatiunculas</strong></span> <span class='ocrx_word' id='word_1_267' title='bbox 1555 4127 1558 4134; x_wconf 89' lang='lat'>·</span> 
     </span>
     <span class='ocr_line' id='line_1_36' title="bbox 282 4203 1427 4297; baseline -0.005 -20"><span class='ocrx_word' id='word_1_268' title='bbox 282 4211 468 4297; x_wconf 90' lang='lat' dir='ltr'><strong>adscripsit,</strong></span> <span class='ocrx_word' id='word_1_269' title='bbox 486 4209 603 4296; x_wconf 90' lang='lat' dir='ltr'><strong>quibus</strong></span> <span class='ocrx_word' id='word_1_270' title='bbox 617 4208 801 4274; x_wconf 83' lang='lat' dir='ltr'><strong>Lucilianae</strong></span> <span class='ocrx_word' id='word_1_271' title='bbox 816 4207 863 4272; x_wconf 93' lang='lat' dir='ltr'><strong>ibi</strong></span> <span class='ocrx_word' id='word_1_272' title='bbox 881 4228 976 4274; x_wconf 84' lang='lat' dir='ltr'><strong>voces</strong></span> <span class='ocrx_word' id='word_1_273' title='bbox 996 4203 1150 4289; x_wconf 86' lang='lat' dir='ltr'><strong>explicari</strong></span> <span class='ocrx_word' id='word_1_274' title='bbox 1165 4206 1276 4288; x_wconf 78' lang='lat' dir='ltr'><strong>aperte</strong></span> <span class='ocrx_word' id='word_1_275' title='bbox 1294 4204 1427 4271; x_wconf 90' lang='lat' dir='ltr'><strong>indicat.</strong></span> 
     </span>
     <span class='ocr_line' id='line_1_37' title="bbox 171 4311 1429 4400; baseline -0.005 -15"><span class='ocrx_word' id='word_1_276' title='bbox 171 4343 177 4354; x_wconf 90' lang='lat'><strong>·</strong></span> <span class='ocrx_word' id='word_1_277' title='bbox 281 4318 402 4384; x_wconf 80' lang='lat' dir='ltr'><strong>Earum</strong></span> <span class='ocrx_word' id='word_1_278' title='bbox 426 4318 531 4384; x_wconf 85' lang='lat' dir='ltr'><strong>altero</strong></span> <span class='ocrx_word' id='word_1_279' title='bbox 552 4316 634 4382; x_wconf 85' lang='lat' dir='ltr'><strong>haee</strong></span> <span class='ocrx_word' id='word_1_280' title='bbox 658 4316 708 4379; x_wconf 89' lang='lat' dir='ltr'><strong>est</strong></span> <span class='ocrx_word' id='word_1_281' title='bbox 729 4336 760 4400; x_wconf 93' lang='lat' dir='ltr'><strong>p.</strong></span> <span class='ocrx_word' id='word_1_282' title='bbox 784 4314 858 4397; x_wconf 87' lang='grc'>686,</span> <span class='ocrx_word' id='word_1_283' title='bbox 877 4312 935 4379; x_wconf 81' lang='lat'><strong>50:</strong></span> <span class='ocrx_word' id='word_1_284' title='bbox 958 4311 1090 4378; x_wconf 79' lang='lat' dir='ltr'><strong>mulce:</strong></span> <span class='ocrx_word' id='word_1_285' title='bbox 1107 4311 1238 4395; x_wconf 75' lang='lat' dir='ltr'><strong>popina,</strong></span> <span class='ocrx_word' id='word_1_286' title='bbox 1264 4312 1429 4396; x_wconf 74' lang='lat' dir='ltr'><strong>quidmst</strong></span> 
     </span>
     <span class='ocr_line' id='line_1_38' title="bbox 282 4416 1426 4511; baseline -0.005 -19"><span class='ocrx_word' id='word_1_287' title='bbox 282 4426 317 4492; x_wconf 81' lang='lat' dir='ltr'><strong>io</strong></span> <span class='ocrx_word' id='word_1_288' title='bbox 334 4424 545 4511; x_wconf 67' lang='lat' dir='ltr'><strong>poposcere,</strong></span> <span class='ocrx_word' id='word_1_289' title='bbox 573 4422 663 4489; x_wconf 90' lang='lat' dir='ltr'><strong>cuius</strong></span> <span class='ocrx_word' id='word_1_290' title='bbox 686 4419 927 4488; x_wconf 78' lang='lat' dir='ltr'><strong>lemma&#39;mattu</strong></span> <span class='ocrx_word' id='word_1_291' title='bbox 951 4419 1064 4485; x_wconf 85' lang='lat' dir='ltr'><strong>scribit</strong></span> <span class='ocrx_word' id='word_1_292' title='bbox 1086 4439 1210 4484; x_wconf 89' lang='lat' dir='ltr'><strong>memor</strong></span> <span class='ocrx_word' id='word_1_293' title='bbox 1237 4416 1303 4484; x_wconf 89' lang='lat' dir='ltr'><strong>hau</strong></span> <span class='ocrx_word' id='word_1_294' title='bbox 1331 4418 1426 4486; x_wconf 88' lang='lat' dir='ltr'><strong>dubie</strong></span> 
     </span>
    </p>
   </div>
   <div class='ocr_carea' id='block_1_11' title="bbox 0 0 1617 5122">
    <p class='ocr_par' dir='ltr' id='par_1_13' title="bbox 0 0 1617 5122">
     <span class='ocr_line' id='line_1_39' title="bbox 0 0 1617 5122; baseline 0 0"><span class='ocrx_word' id='word_1_295' title='bbox 0 0 1617 5122; x_wconf 95' lang='lat' dir='ltr'><strong> </strong></span> 
     </span>
    </p>
   </div>
  </div>
 </body>
</html>
