3178 5122
232 507 298 566 tate
322 502 384 566 diei
406 503 518 586 nequit
542 507 664 587 quanto
684 505 858 586 praestent
894 501 965 567 Iam
985 523 1035 564 me
1055 522 1122 565 non
1142 500 1271 586 fugerat
1287 522 1378 585 prae·

231 609 358 694 eipuam
378 609 522 674 codicum
546 614 673 693 partem
692 609 778 694 apud
802 611 927 674 exteros
948 609 1107 673 asservari
1125 629 1185 672 nec
1204 608 1273 672 sine
1290 621 1379 691 p'ere-

232 717 415 802 grinatione
438 717 591 801 cognosci
619 719 676 779 aut
706 709 869 778 exhauriri
892 736 995 799 posse.
1040 713 1087 779 At
1111 719 1147 778 ut
1168 715 1299 778 tandem
1322 713 1379 778 ali·
1471 747 1474 754 ,

232 823 359 907 quando
390 823 436 886 rei
466 821 594 888 initium
625 823 716 886 fieret
743 825 839 906 atque
866 844 906 885 ne
935 820 1180 885 difficultatibus
1209 824 1379 884 uteorum

233 930 288 1014 qui
311 931 552 1013 praecesserant
571 928 617 992 sic
637 951 728 992 meae
748 950 874 1013 quoque
894 928 976 992 vires
991 919 1103 991 ¹statim
1119 909 1309 1010 aprineipio
1324 925 1378 989 ob-

231 1039 408 1118 ruerentur,
435 1034 579 1099 laborem
610 1035 702 1118 quasi
731 1033 937 1098 dividendum
966 1037 999 1097 et
1025 1035 1130 1117 priore
1153 1034 1223 1098 loco
1248 1055 1286 1098 ea
1308 1037 1378 1098 tan-

232 1147 302 1207 tum
325 1140 508 1226 coHigenda
531 1134 601 1205 esse
625 1140 714 1224 duxi,
738 1140 778 1204 ad
802 1161 884 1224 quae
908 1140 995 1204 intra
1017 1141 1143 1225 patriae
1165 1140 1246 1204 fines
1269 1163 1378 1224 perve-

232 1250 295 1314 niri
324 1251 444 1333 posset.
496 1248 586 1324 Quae
614 1247 810 1312 collectanea
826 1269 908 1321 ,non
941 1247 1039 1310 nimis
1069 1248 1178 1312 ieiuna
1208 1251 1380 1311 evaserunt

233 1355 389 1422 beneficio
408 1352 570 1418 Useneri
594 1358 626 1418 et
644 1352 700 1418 Du
719 1354 847 1436 Rieui,
871 1375 1008 1437 quorum
1028 1354 1082 1417 ille
1105 1375 1313 1438 quaeeunque
1339 1353 1379 1416 ad

233 1461 393 1548 glossaria
413 1461 515 1524 latina
530 1460 711 1543 spectantia
730 1460 913 1526 contulerat
925 1459 1151 1524 liberalissime
1166 1458 1246 1523 mihi
1260 1459 1380 1523 utenda

232 1567 427 1650 transmisit,
454 1566 506 1630 hie
535 1569 643 1630 autem
667 1565 881 1630 bibliothecae
904 1565 972 1630 κατ>
994 1566 1111 1646 ἐξοχὴν
1134 1566 1380 1652 glossematieae

233 1641 403 1741 ihesauros
424 1673 561 1757 aperuit.
591 1671 763 1737 Praeterea
777 1671 1049 1737 commemorandi
1068 1676 1152 1757 sunt,
1171 1674 1225 1757 qui
1245 1676 1278 1737 et
1291 1674 1380 1738 vario

234 1786 266 1847 et
280 1781 416 1846 salutari
431 1780 567 1846 consilio
582 1783 615 1843 et
628 1779 748 1844 auxilio
768 1779 1069 1844 benevolentissime
1088 1801 1148 1844 nos
1164 1780 1382 1865 sublevarunt,

233 1888 494 1954 Baehrensius
522 1886 681 1970 lenensis,
717 1885 978 1951 Buechelerus
1006 1885 1203 1969 Bonnensis,
1238 1885 1382 1950 Deuer'·

233 1996 382 2080 lingius
420 1993 638 2071 Monacensis,
680 1993 933 2058 Ecksteinius
970 1993 1162 2077 Lipsiensis,
1199 1993 1382 2078 Hagenus

233 2102 417 2183 Bernensis,
445 2099 624 2163 Halmius
643 2099 858 2183 Monacensis,
886 2100 1089 2165 Hartelius
1110 2100 1383 2185 Vindobonensis,
1405 2143 1408 2150 ·

233 2209 417 2276 Krehlius
432 2206 771 2272 Mendelssohnius
786 2206 1239 2291 NaumannusLipsienses,
1253 2206 1382 2271 11111111-

234 2318 311 2382 lius
326 2314 547 2399 Dorpatensis,
562 2312 794 2383 Schmitzius
810 2311 1022 2396 Coloniensis,
1037 2311 1255 2404 Schoellius
1266 2314 1381 2378 lenen-

236 2424 290 2506 sis,
308 2422 632 2486 Weissenbornus
654 2420 871 2504 Erfurtensis,
895 2420 1147 2485 Woelfflinus
1160 2418 1383 2504 Erlangensis,

236 2530 351 2614 quibus
370 2527 519 2593 omnibus
539 2528 662 2612 gratias
686 2527 842 2592 habemus
862 2523 1027 2592 maximas.
1065 2525 1213 2591 Ceterum
1237 2526 1277 2590 ad
1301 2549 1389 2610 quae

235 2639 404 2721 penetrare
427 2634 644 2718 nequivimus,
668 2656 706 2698 ea
729 2634 988 2718 speramusd'ore
1016 2637 1053 2698 ut
1075 2655 1150 2697 mox
1173 2634 1294 2698 nostris
1318 2635 1382 2718 ipsi

236 2743 336 2808 oculis
355 2742 552 2827 perlustrare
574 2744 607 2806 et
625 2739 730 2806 ‘novis
750 2739 1004 2824 quaestionibus'
1020 2740 1200 2805 describere
1220 2763 1257 2806 ac
1276 2763 1383 2806 recen-

237 2873 305 2916 sere
329 2844 507 2934 possimus.=

324 2956 497 3021 Editorum
520 2957 655 3021 necdum
680 2956 838 3020 editorum
858 2956 1092 3040 glossariorum
1115 2955 1323 3039 perlustratio
1348 2960 1385 3021 ut

237 3064 435 3130 coniunctim
458 3067 693 3147 proponeretur
716 3084 788 3144 cum
811 3063 912 3146 ipsius
936 3063 983 3126 rei
1006 3063 1090 3127 ratio
1115 3062 1275 3145 suaderet,
1297 3063 1382 3128 hanc

236 3172 401 3238 materiam
427 3170 531 3254 primo
551 3169 698 3254 opusculi
721 3169 826 3252 capite
850 3168 1006 3234 contineri
1025 3169 1194 3234 voluimus.
1230 3170 1275 3235 At
1298 3171 1382 3234 vide·

238 3278 334 3342 batur
352 3281 519 3361 praeterea
538 3276 624 3340 aliud
649 3275 724 3360 quid
744 3275 773 3339 ei
798 3275 853 3362 qui
871 3274 1030 3358 glossaria
1049 3275 1194 3340 editurus
1214 3279 1299 3342 esset
1316 3300 1384 3342 non

144 3425 147 3430 ·
235 3389 364 3450 tantum
393 3387 429 3448 ut
459 3387 677 3467 opportunum
705 3382 937 3463 commendari,
966 3382 1021 3446 sed
1044 3383 1085 3447 ab
1109 3383 1220 3448 eodem
1243 3385 1322 3448 adeo
1346 3389 1383 3449 ut
1441 3401 1446 3414 ‘

239 3491 456 3558 necessarium
490 3490 669 3575 efflagitari.
724 3487 849 3573 Nempe
886 3511 959 3554 eum
996 3490 1149 3574 perpauci
1180 3489 1232 3555 his
1263 3491 1383 3556 nostris

238 3598 438 3682 temporibus
463 3596 621 3682 glossaria
648 3596 749 3661 latina
771 3597 937 3680 noverint,
968 3597 1053 3680 aptis
1076 3598 1231 3682 exemplis
1254 3598 1384 3663 demon·
1422 3576 1426 3584 ¹

237 3708 406 3772 strandum
430 3708 500 3769 erat
523 3705 565 3770 ob
588 3703 798 3788 multiplicem
822 3704 1046 3790 insignemque
1065 3705 1241 3769 utilitatem
1265 3706 1383 3770 iniuria

237 3815 295 3880 illa
312 3814 462 3898 neglecta
485 3813 588 3876 iacere
604 3814 636 3875 et
650 3809 840 3895 dignissima
864 3832 934 3874 esse
954 3833 1035 3894 quae
1059 3811 1189 3875 tandem
1209 3812 1382 3896 aliquando

239 3944 256 3985 e
279 3919 548 3985 bibliothecarum
573 3917 637 3980 situ
662 3919 858 3981 eruerentur.
890 3914 1014 4001 Negari
1037 3917 1125 3981 enim
1143 3919 1255 4001 nequit
1278 3918 1382 3990 editas

239 4027 503 4106 γλωεεογραφία(
525 4024 645 4089 latinae
669 4023 822 4107 reliquias
847 4020 900 4109 (de
914 4021 1011 4088 Festo
1036 4028 1069 4088 et
1082 4022 1190 4089 Nonio
1210 4047 1294 4088 nuno
1316 4047 1383 4089 non

238 4131 367 4219 loquor)
387 4154 454 4198 non
472 4153 592 4218 magno
608 4132 671 4195 huo
694 4152 795 4214 usque
815 4130 887 4193 usui
910 4127 1055 4214 fuisse1).
1088 4129 1248 4206 Quoniam
1272 4136 1383 4197 autem

315 4292 333 4358 l)
354 4289 393 4345 ef.
413 4289 624 4359 Bernhardyum
645 4286 805 4343 ‘Grundriss
824 4287 874 4342 der
892 4292 959 4342 rbm.
979 4287 1059 4342 Litt’
1082 4287 1092 4319 ²
1111 4305 1138 4357 p.
1158 4293 1224 4342 3041
1254 4288 1311 4343 ‘die
1336 4290 1382 4344 be-

240 4379 328 4433 kannt
341 4378 526 4448 gewordenen
541 4384 686 4448 grbsseren
696 4376 825 4432 Glossare
836 4420 841 4430 .
854 4417 873 4444 .‚
893 4375 1028 4430 zerstreut
1041 4375 1099 4429 und
1114 4395 1176 4430 aum
1188 4377 1270 4432 Theil
1284 4378 1382 4447 selten,

238 4468 331 4521 haben
350 4467 413 4522 dem
433 4465 662 4536 Sprachstudium
681 4465 816 4538 geringen
833 4466 944 4522 Nutzen
962 4463 1111 4534 gewahrt’.
