3178 5122
711 336 932 400 „42-

250 496 395 580 protulit.
418 495 511 560 Unde
525 517 565 559 ne
581 496 652 580 quis
666 498 759 580 putet
769 494 1019 562 Pithoeanarum
1035 496 1219 581 glossarum
1234 497 1396 580 excerpto-

249 627 317 669 rem
331 593 491 684 hdusisse,
514 601 698 667 meminerit
716 601 889 686 ‘excerpta'
908 603 961 667 hic
979 604 1047 667 illic
1061 603 1205 688 integras
1220 603 1395 687 scripturas

250 711 399 776 exhibere
404 699 420 794 ‚'
436 709 633 774 Vulcanium
657 713 825 794 corruptas
849 707 953 795 (velut
975 733 1005 794 p.
1022 711 1063 775 78
1081 711 1199 794 nobb:
1221 711 1311 790 foras
1332 729 1397 774 oer-

249 839 327 884 eam
351 817 545 902 tamarae,
573 817 630 881 ubi
652 814 830 881 Vulcanius
854 838 885 900 p.
909 816 983 900 698,
1000 818 1039 880 17
1064 816 1147 882 falso
1170 817 1288 900 nobb:
1309 818 1397 897 foras

248 927 333 990 cerci
360 925 556 1006 ternanta,
585 925 639 1010 qui
667 945 757 989 error
785 923 849 988 dici
873 924 927 988 vix
954 927 1064 1008 potest
1092 927 1171 1008 quot
1194 924 1396 989 coniectmas

248 1029 492 1117 procreaverit);
506 1031 628 1096 multas
643 1030 757 1095 deinde
769 1029 924 1116 Scaligeri
938 1032 1067 1096 notulas
1082 1031 1302 1116 agglutinatae
1317 1051 1397 1114 esse,

250 1161 385 1222 quarum
404 1138 490 1222 apud
504 1136 697 1202 Vulcacium
720 1136 803 1201 nihil
827 1141 933 1202 exstat
951 1136 995 1224 (p.
1004 1124 1054 1202 '74
1071 1138 1251 1220 alluctantem
1258 1135 1284 1223 1)
1305 1139 1396 1203 vestis

243 1247 381 1329 piratica
394 1245 549 1310 leucadiis
562 1241 762 1335 ‘Excerpta':
778 1243 993 1327 adscripscrat
1007 1244 1093 1308 enim
1108 1241 1254 1328 Scaliger
1264 1244 1396 1329 glossae

248 1376 279 1436 p.
294 1352 370 1436 695,
384 1352 428 1418 35
451 1352 498 1418 ed.
517 1351 611 1417 Vulc.
633 1353 794 1418 stlctcrc's:
818 1353 1062 1434 aestismatio
1086 1348 1268 1438 ‘Iuven.'²),
1300 1373 1396 1434 quam

249 1463 361 1525 notam
370 1458 550 1524 Vulcanius
567 1482 658 1524 suam
672 1481 739 1524 nou
752 1457 857 1546 fecit)3
873 1458 1007 1543 denique
1022 1459 1148 1544 glossas
1162 1458 1197 1522 iu
1206 1456 1396 1522 Pithoeanis

249 1563 368 1650 inesse,
405 1586 486 1649 quas
516 1565 693 1630 Vulcanius
726 1565 856 1630 omnino
891 1565 1000 1629 omisit
1032 1562 1136 1651 (velut
1167 1567 1258 1630 asta:
1281 1585 1397 1630 names

243 1670 356 1758 porci).

338 1780 455 1844 Restat
487 1780 552 1844 iam
583 1779 712 1844 Oebleri
742 1777 863 1843 ‘codex’
895 1779 951 1843 ille
983 1779 1198 1846 bibliothecae
1229 1777 1395 1843 Leidensis

250 1885 429 1951 Vossianus
436 1937 445 1975 2
479 1909 498 1951 a
530 1909 593 1970 quo
626 1885 716 1951 facili
747 1884 879 1969 negotio
913 1885 1213 1950 demonstrabimus·
1240 1883 1396 1970 Scaligeri

250 2015 382 2057 manum
404 2014 470 2057 non
493 1993 599 2076 magis
624 1992 762 2057 alienam
785 2013 854 2056 esse
870 2013 965 2076 quarn
981 2014 1000 2056 a
1014 1989 1213 2057 Pithoeanis.
1235 1991 1271 2055 P.
1286 1991 1396 2075 693,4

250 2099 427 2164 Vulcanius
456 2099 567 2164 edidit:
597 2099 766 2178 ‘revidere
790 2099 921 2182 reverti,
944 2097 1057 2164 redire.
1085 2095 1268 2183 repedare';
1297 2097 1395 2163 ‘codi-

250 2205 331 2270 cem'
354 2206 551 2271 Vossianum
578 2206 613 2270 in
640 2206 786 2290 exemplo
810 2185 1006 2289 Lipsieirsi³)
1036 2203 1233 2289 adscriptum
1264 2209 1314 2270 cst
1344 2228 1395 2270 ex·

250 2312 374 2377 hibere:

506 2400 678 2487 Revidarc,
701 2404 833 2486 reverti,
855 2401 966 2466 redire.
990 2400 1115 2485 reped.

508 2509 682 2593 Revitere‚·
695 2509 842 2575 rebiterc.

250 2651 413 2716 Nimirum
438 2651 581 2736 Scaliger
604 2651 732 2736 glossae
755 2653 905 2729 raama,
933 2650 1055 2735 renati,
1083 2649 1189 2713 redire.
1217 2651 1332 2731 repcd.
1360 2654 1396 2714 ut

250 2759 466 2824 coniecturam
488 2760 612 2824 recitare
632 2754 636 2843 Ι
656 2758 781 2822 nabitare
799 2757 954 2842 adpinxit.
987 2755 1063 2820 Non
1089 2755 1184 2820 aliter
1209 2759 1396 2839 comparata

249 2864 329 2930 haec
353 2868 441 2929 sunt:

416 2986 568 3042 Vulcanius
751 2984 1047 3054 ‘codexVossianus'⁴)
1121 2983 1256 3054 Scaligeri
1274 2984 1346 3038 liber

250 3093 557 3168 p.693‚111tccidac,
581 3109 614 3146 cc
637 3093 729 3150 ruinis
742 3093 876 3146 recidiva
895 3109 915 3146 e.
934 3109 957 3146 r.
976 3109 999 3146 r.
1075 3091 1248 3147 recidivae.
1267 3108 1289 3146 r.
1308 3109 1331 3146 r.

428 3182 598 3236 renascentia

335 3290 338 3296 ¹
362 3270 546 3337 20·Rectc‘tas,
562 3270 671 3324 iustitia
685 3287 727 3324 ae-
743 3287 765 3324 c.
783 3271 801 3324 c‘.
821 3271 944 3339 aequitas
962 3270 1133 3326 veritatemi.
1153 3269 1277 3338 aequites
1295 3269 1395 3324 ceritas

427 3360 518 3428 quitos
537 3350 683 3414 et’ceritas

362 3455 395 3503 32
410 3449 509 3514 Recit,
530 3449 625 3503 racio
643 3449 728 3518 toqui·
742 3466 765 3505 r.
785 3465 885 3503 rauce
903 3450 1024 3520 loquitar
1076 3466 1099 3502 r.
1117 3455 1218 3502 rauce
1236 3447 1357 3516 loquitar

429 3543 475 3592 tar

251 3647 277 3698 p.
295 3634 396 3697 osam
411 3627 530 3696 Nabata,
550 3632 653 3682 nancta
745 3628 867 3681 ‘nactam
901 3628 930 3681 in
954 3627 1061 3682 duobus
1076 3625 1195 3692 Navita,
1210 3629 1326 3691 aenam
1347 3625 1394 3679 ad·

760 3716 877 3771 invenit’
893 3716 923 3770 in
936 3674 1068 3786 marginal
1094 3713 1206 3784 scripsit
1255 3713 1394 3782 Scaliger:

325 3934 344 4001 ¹)
364 3931 591 4000 Corruptelarum
608 3931 748 3986 horribilis
763 3931 843 4000 copia
861 3932 891 3984 et
908 3929 1057 4000 singularis
1075 3930 1148 3984 ratio
1166 3930 1235 3984 facit
1253 3932 1285 3984 ut
1299 3947 1394 3984 omnes

250 4023 303 4077 hae
322 4007 441 4091 paginae
460 4019 560 4089 quibus
581 4020 743 4090 ‘Excerpta'
764 4021 941 4075 continentur
963 4020 1040 4089 prelo
1060 4019 1148 4074 semel
1165 4018 1317 4074 submissae
1336 4035 1393 4072 cor-

250 4111 365 4166 rectoris
382 4126 497 4164 manum
514 4126 657 4179 nunquam
676 4125 776 4179 passae
795 4126 854 4164 esse
873 4109 1029 4163 videantur.

324 4198 344 4267 2)
364 4199 396 4252 ln
410 4198 502 4252 animo
517 4199 641 4252 habebat
654 4198 792 4254 Iuvenalis
807 4198 866 4266 Vll,
879 4203 929 4252 134
943 4213 1066 4252 versum:
1083 4197 1213 4268 ‘spondet
1227 4196 1299 4251 enim
1310 4196 1394 4266 Tyrio

252 4287 432 4342 stlattaria
449 4304 573 4358 purpura
592 4287 659 4342 filo.’
851 4274 859 4288 ’

324 4376 344 4440 ³)
363 4375 434 4430 Vide
454 4375 603 4436 Oculorum
621 4393 649 4446 p.
664 4359 744 4431 248.'

324 4466 345 4535 ⁴)
364 4465 435 4522 Vide
454 4465 602 4524 Oehlerum
621 4483 648 4538 p.
664 4469 724 4521 248.
