3232 5122
716 259 870 374 -204
917 345 957 354 -

264 468 413 534 redactae
443 470 584 554 sint‚‘eo
613 471 738 555 gratius
767 470 828 536 tibi
857 470 1052 556 glossarium
1073 469 1168 534 'istud
1195 468 1264 534 fore
1291 470 1413 553 putavi.

265 576 327 642 Sed
347 599 420 642 eum
439 575 479 642 de
498 600 563 642 una
582 577 756 662 cademque
775 601 809 642 re
827 615 864 624 -
886 578 978 644 verbi
1000 575 1107 662 gratia
1130 576 1169 640 de
1192 576 1413 662 navigatione,

265 683 303 748 dc
323 684 522 768 agricultura
541 721 582 730 -
601 685 640 750 in
663 685 813 750 duobus
836 685 918 749 eius
942 683 1041 748 locis
1065 685 1195 768 agatur,
1219 684 1321 750 etita
1344 684 1412 768 qui-

266 791 338 854 dem
352 791 446 856 utin
465 814 538 857 uno
562 793 700 878 latina,
724 793 763 858 in
782 793 907 860 altero
927 811 1066 876 graeca
1088 790 1280 856 vocabula
1302 814 1411 876 prae-

264 895 417 982 cedant,
446 920 507 984 ego
535 899 643 983 potius
672 899 780 983 capita
808 899 924 983 quibus
949 897 1061 962 eadem
1085 896 1222 961 materia
1243 899 1413 964 tractanda

264 1004 432 1088 proposita
455 1007 518 1089 est,
542 1005 640 1070 simul
664 1005 826 1089 ponenda,
849 1004 883 1068 id
906 1007 957 1069 est
974 1024 1074 1068 unum
1098 1003 1192 1068 alteri
1217 1003 1410 1090 subiungen-

264 1109 341 1174 dum
367 1147 404 1158 —
431 1112 582 1196 adposita
604 1112 766 1197 particule.
787 1113 900 1176 iterum
921 1147 958 1158 -
980 1109 1171 1176 existimavi.
1209 1109 1428 1177 Glossarium

265 1220 373 1281 autem
402 1219 577 1303 appellavi,
607 1218 691 1302 quod
722 1240 836 1284 unum
861 1217 1090 1301 exemplarium
1114 1216 1410 1301 inscriptionem

263 1323 379 1388 istam
411 1326 573 1391 haberet
601 1327 787 1409 plcssarium
820 1326 899 1390 beati
929 1325 1104 1402 Benedicti,
1136 1323 1256 1389 abbatis
1282 1324 1411 1391 Florea-

237 1424 380 1494 seam.
419 1430 521 1508 Quem
557 1431 691 1497 titulum
724 1431 843 1516 excipit
877 1431 944 1496 hic:
982 1430 1056 1495 liber
1081 1431 1207 1512 pomus
1235 1431 1410 1513 passaran

251 1549 455 1622 ‘praecorum
479 1538 647 1622 primaque
676 1543 751 1604 sunt
776 1538 859 1604 haec
886 1540 1000 1605 verba:
1027 1540 1064 1604 de
1085 1539 1321 1604 conwsaticac-
1339 1543 1412 1620 περὶ
1434 1547 1435 1552 ’

263 1649 538 1728 (υναναετροφῆες
557 1645 744 1709 conceretio
759 1646 1016 1727 covuvucrpoqnt3
1035 1645 1099 1709 dr'es
1115 1643 1231 1729 ἡμέρας
1249 1646 1295 1710 sot
1308 1648 1411 1730 ἥλιος

263 1754 348 1814 crtus
369 1754 414 1814 cst
436 1749 613 1834 ἀνέτειλεν;
643 1751 717 1816 sotis
739 1756 824 1816 ortus
851 1751 943 1831 ἡλίου
967 1750 1117 1830 ἀνατολή.
1164 1749 1306 1816 Eadem
1334 1775 1424 1818 vcro.

186 1861 190 1868 '
263 1855 302 1944 in
330 1855 408 1922 alio
442 1878 589 1942 quoque
616 1857 828 1941 exemplari
861 1857 1068 1940 habentur,
1095 1878 1161 1922 non
1189 1857 1223 1921 in
1249 1857 1410 1944 principio

262 1964 385 2047 tamen,
419 1963 476 2028 ¹se'd
504 1964 608 2029 circa
636 1964 813 2048 medium3
845 1986 955 2028 verum
983 1962 1030 2028 ibi
1058 1963 1122 2028 ista
1149 1964 1294 2047 praefixa
1322 1971 1411 2032 sunt:
1516 1979 1521 1984 '
1594 2007 1595 2014 .

262 2069 434 2150 ἀρχώμεθα
470 2070 608 2151 γράφειν
640 2071 718 2150 ὅλη(
749 2076 806 2150 τῆ(
838 2071 956 2151 ἡμέρα(
988 2068 1236 2157 ἀναετροφήνῑ).
1286 2071 1410 2149 Quibus

188 2258 191 2270 Ι
262 2176 501 2263 subiunguntur
533 2177 644 2242 eadem
676 2176 735 2244 illa
763 2179 863 2244 verba
890 2178 1004 2256 ἡμέρα,
1032 2177 1135 2256 ἥλιος,
1164 2176 1328 2257 ἀνέτειλεν
1351 2183 1409 2245 etc.

261 2283 373 2347 itidem
396 2285 606 2368 praecedente
630 2286 749 2371 ubique
772 2285 874 2350 latina
892 2283 1169 2368 interpretatione.
1207 2285 1409 2361 Quinetiam

262 2390 300 2454 in
319 2395 464 2456 certum
484 2393 642 2476 quendam
662 2393 851 2458 librorum
870 2413 1066 2456 numerum
1084 2390 1164 2456 haec
1182 2415 1298 2458 vocum
1317 2414 1408 2478 grae·
1438 2377 1442 2386 ¹

261 2519 371 2561 carum
404 2498 757 2584 interpretamenta
793 2501 831 2564 in
863 2499 1150 2583 exemplaribus
1187 2499 1269 2565 illis
1306 2499 1408 2564 divi·

263 2602 417 2687 duntur,
446 2605 535 2670 cuius
564 2605 732 2672 divisionis
755 2606 916 2672 rationem
939 2607 1069 2670 minime
1092 2605 1275 2672 habendam
1298 2607 1408 2673 existi·
1486 2667 1488 2678 ,

199 2739 227 2767 x
262 2711 365 2775 mavi:
393 2733 431 2777 ac
454 2735 495 2776 ne
517 2713 637 2780 habere
660 2713 791 2798 quidem
819 2713 924 2797 potui,
952 2735 1034 2779 cum
1061 2735 1129 2778 nec
1154 2713 1284 2778 ‘omnia
1312 2735 1407 2797 quae

261 2816 345 2881 illis
369 2821 656 2904 exemplaribus
681 2821 930 2887 continentur
956 2820 1118 2905 ederem,
1137 2842 1194 2884 nec
1216 2857 1254 2866 -
1275 2823 1408 2905 propter

261 2923 351 2988 illam
375 2947 472 3010 quam
495 2929 591 3011 paulo
616 2932 691 2993 ante
715 2928 812 2992 attuli
830 2907 991 2995 rationem
1004 2927 1214 2992 —ordinem
1236 2949 1407 2994 servarem.

261 3029 331 3110 Illis
351 3054 433 3116 quae
451 3033 518 3100 dixi
536 3034 696 3119 capitibus
716 3057 772 3100 eos
791 3035 944 3100 subiunxi
961 3034 1064 3119 locos,
1083 3034 1138 3118 qui
1157 3034 1225 3098 sub
1246 3035 1406 3118 quadam

261 3136 412 3221 dialogi
434 3138 557 3204 forma
579 3140 682 3206 multa
701 3142 860 3206 vocabula
882 3141 1005 3206 habent
1030 3141 1071 3206 ad
1094 3163 1145 3208 res
1164 3142 1197 3206 in
1216 3140 1406 3226 quotidiano

262 3266 409 3308 sermone
429 3250 631 3313 occurrentes
649 3247 867 3332 pertinentia'.
899 3245 974 3312 Non
988 3247 1058 3312 sine
1076 3252 1164 3313 certa
1182 3248 1307 3313 ratione
1326 3248 1406 3314 haec

261 3350 391 3436 integra
422 3354 554 3438 repetii:
585 3378 689 3441 neque
717 3354 803 3420 enim
831 3354 945 3420 dubito
976 3355 1053 3439 quin
1082 3355 1144 3420 duo
1171 3355 1221 3420 illi
1250 3354 1416 3440 Stephani

262 3459 387 3524 codices
406 3461 448 3525 ab
467 3461 537 3544 ipso
557 3466 625 3526 tam
645 3465 792 3528 accurate
811 3461 964 3546 descripti
971 3460 996 3549 2)
1020 3462 1197 3528 etiamnum
1216 3462 1405 3546 investigari

153 3577 155 3582 '
260 3565 395 3648 possint.
434 3567 607 3633 Praeterea
630 3571 739 3634 autem
762 3590 829 3634 non
851 3568 955 3653 nulla
969 3568 1045 3633 inde
1067 3569 1148 3634 disci
1169 3572 1312 3653 possunt
1339 3591 1402 3634 non

260 3671 356 3736 nimis
380 3670 499 3758 notul).
539 3672 689 3758 Namque
712 3696 795 3760 quac
818 3676 857 3740 de
880 3675 1044 3742 codicibus
1067 3677 1166 3741 refert
1189 3680 1222 3741 et
1244 3676 1318 3741 inde
1341 3677 1405 3741 edi-

336 3900 355 3969 ¹)
374 3905 602 3972 (υναναετροφήν
620 3903 650 3958 in
667 3903 730 3975 ipsa
748 3903 869 3959 editione
888 3921 914 3974 p.
930 3910 990 3973 281,
1001 3910 1044 3959 31.

335 3991 356 4060 ²)
374 3992 415 4046 De
434 3991 579 4048 Philoxeni
598 3994 628 4047 et
645 3992 743 4062 Gyrilli
761 3992 903 4048 codicibus
921 3992 992 4046 nihil
1010 3991 1123 4061 profert.

334 4080 354 4146 ¹³)
372 4081 459 4136 Velut
476 4081 529 4135 hoc
547 4096 669 4149 quoque:
688 4080 835 4140 Mauritius
849 4082 946 4150 Haupt
958 4080 1049 4135 indice
1068 4081 1219 4138 lectionum
1233 4082 1404 4140 Berolinensi

261 4170 399 4239 a.1871l2
419 4187 433 4224 e
453 4169 547 4224 codice
566 4170 685 4238 quodam
704 4169 948 4240 Montepessulano
967 4171 1107 4240 colloquia
1125 4170 1215 4225 edidit
1239 4173 1277 4241 (p.
1296 4175 1404 4242 4--1c),

262 4273 333 4324 quae
353 4257 450 4312 eodem
468 4257 524 4312 fere
542 4261 668 4328 tempore
682 4261 717 4329 (a.
731 4263 809 4329 1872)
829 4277 862 4313 ex
881 4259 979 4314 eodem
998 4260 1092 4315 codice
1111 4260 1245 4329 evulgata
1263 4261 1349 4315 habes
1367 4261 1403 4316 ab

261 4346 293 4400 A.
309 4344 461 4401 Boucherie
479 4345 507 4399 in
528 4345 600 4401 libro
620 4365 703 4416 quem
721 4366 785 4403 mox
803 4348 996 4404 indicabimus.
1028 4349 1195 4404 Doctissime
1214 4349 1248 4403 de
1267 4348 1403 4404 similibus

262 4432 440 4489 collectaneis
454 4434 594 4507 Hauptius
612 4437 755 4509 praelatus
770 4441 825 4496 est:
844 4456 898 4494 non
912 4438 1034 4496 debebat
1047 4441 1142 4495 autem
1156 4439 1190 4495 dc
1209 4437 1355 4509 colloquiis
1373 4439 1403 4493 in
