3232 5122
706 333 944 417 -'180-

346 507 447 575 1216
475 509 531 575 inf.
559 510 693 576 membr.
721 532 745 574 s.
763 507 855 576 XIV:
886 507 1036 574 ‘lexicon'
1063 508 1097 572 in
1125 531 1188 593 quo
1216 506 1400 591 ‘explicatio

258 638 373 681 vocum
395 599 579 681 moralium'
603 618 695 681 inest.
1387 663 1392 672 .

345 722 376 787 A
395 723 438 788 50
461 717 519 787 inf.
541 724 676 788 membr.
700 746 725 788 s.
743 722 835 788 XIV:
873 702 1015 806 ‘Uguicii
1038 722 1148 788 Pisani
1171 722 1209 786 de
1232 721 1400 786 nominum

257 829 566 914 significationibus,
608 830 748 914 origine,
786 828 1017 915 etymologia'3
1060 828 1084 894 O
1115 831 1157 895 82
1193 829 1250 894 inf.
1279 852 1303 893 s.
1325 828 1400 893 XV:

257 933 447 1022 ‘Ugucionis
470 935 582 1000 Pisani
604 934 853 1001 dictionarium'.
1111 937 1112 940 ’
1204 1017 1207 1022 Γ

344 1042 417 1107 Β8·
445 1065 513 1125 sup.
542 1043 650 1107 bomb.
674 1065 699 1107 s.
718 1041 793 1107 XV:
831 1040 1075 1106 ‘dictionarium
1103 1034 1266 1126 latinum'‚
1296 1040 1399 1125 quode

256 1172 356 1233 supra
380 1172 410 1233 p.
432 1148 494 1213 164
517 1150 659 1214 breviter
682 1150 815 1233 egimus
896 1138 901 1150 ’

344 1254 374 1319 V
394 1255 415 1319 5
439 1278 507 1339 sup.
531 1258 665 1321 membr.
689 1279 712 1322 s.
731 1256 942 1341 XVJXVlvet
964 1256 997 1321 H
1015 1257 1056 1320 91
1082 1279 1150 1340 sup.
1174 1279 1203 1320 n.
1223 1242 1243 1321 3
1266 1256 1400 1324 membr.

255 1385 280 1426 s.
297 1361 377 1426 XVI
402 1367 552 1446 excerpta
575 1363 729 1428 exhibent
752 1386 791 1428 cx
814 1364 906 1428 Pauli
934 1363 1092 1446 epitoma,
1122 1384 1204 1447 quae
1231 1363 1265 1426 in
1292 1362 1400 1426 codice

254 1467 286 1530 H
305 1469 345 1532 91
373 1491 442 1552 sup.
466 1470 505 1534 ad
526 1468 631 1534 A-O
650 1470 778 1535 litteras
801 1474 927 1535 tantum
953 1472 1109 1552 spectant.

777 1736 875 1836 sn.

589 1859 633 1912 De
652 1857 813 1924 glossariis
831 1856 1061 1924 latlnograeeis.

524 2003 550 2067 1.
587 2004 640 2068 De
665 2000 903 2068 ‘Philoxeni'
928 2001 1131 2086 glossario.

343 2143 582 2210 Glossariorum
596 2146 792 2229 bilinguium
807 2133 968 2230 quotquot
983 2146 1112 2208 exstant
1126 2142 1269 2207 omnium
1286 2140 1398 2224 procul

254 2249 351 2315 dubio
375 2252 534 2335 optimum
563 2254 596 2315 et
623 2254 660 2315 ut
687 2251 734 2315 ita
761 2233 881 2314 dicam⁸
895 2247 1117 2314 doctissimum
1125 2245 1150 2333 ¹)
1173 2248 1252 2312 illud
1275 2249 1326 2312 est
1349 2246 1399 2310 cui

253 2353 422 2422 Philoxeni
445 2380 564 2422 nomen
586 2357 670 2422 falso
693 2358 889 2422 inscribitur.
931 2355 1020 2433 Quae
1043 2355 1172 2440 quidem
1196 2354 1344 2419 doctrina
1366 2356 1399 2416 et

254 2463 357 2528 virtus
372 2465 422 2528 vel
442 2465 516 2528 inde
536 2465 790 2530 luculentissime
809 2465 957 2548 apparet,
982 2462 1067 2547 quod
1090 2461 1305 2546 quadraginta
1324 2463 1397 2524 octo

254 2567 320 2633 fere
339 2571 420 2635 locis
445 2571 627 2656 glossarum
646 2570 753 2635 fontes
773 2568 927 2652 adscripti
943 2571 1032 2631 sunt:
1056 2568 1089 2630 et
1103 2566 1213 2650 quales
1230 2565 1276 2629 ibi
1290 2563 1396 2629 fontes

253 2675 367 2742 habes!
387 2677 450 2742 XII
464 2677 608 2761 tabulae,
622 2676 779 2760 Naevius,
793 2676 940 2758 Plautus,
959 2673 1098 2756 Ennius,
1117 2671 1258 2736 Lucilius
1279 2671 1397 2754 aliique

254 2780 286 2845 id
309 2804 411 2868 genus
436 2785 609 2873 scriptores
632 2785 822 2848 excitantur.
867 2781 935 2848 Nos
959 2781 1020 2846 hoc
1046 2781 1116 2844 loco
1140 2779 1178 2842 de
1202 2777 1395 2842 ‘Philoxeni’

253 2888 372 2971 glossis
396 2891 586 2955 brevissime
605 2911 737 2975 agemus
757 2893 791 2954 et
808 2911 875 2953 uon
893 2887 984 2951 nulla
1003 2908 1084 2970 quae
1103 2885 1283 2969 repperisse
1302 2884 1396 2948 nobis

252 2995 398 3060 videmur
415 2998 464 3062 ita
481 3018 711 3081 proponemus,
734 3000 771 3060 ut
789 2995 932 3059 rationes
951 2997 1080 3058 nostras
1103 3012 1168 3055 non
1192 2990 1396 3074 explicemus.

226 3101 436 3189 ⁸Pleniorem
460 3100 497 3166 de
522 3103 653 3186 egregio
677 3101 739 3165 hoc
769 3100 929 3183 glossario
958 3098 1209 3182 disputationem
1237 3096 1317 3160 alibi
1340 3097 1393 3162 da-

252 3209 317 3272 turi
342 3217 461 3273 sumus.

323 3361 326 3367 -
344 3315 371 3377 1.
394 3314 523 3379 Primus
542 3315 704 3400 integrum
725 3313 919 3398 glossarium
938 3310 1039 3376 edidit
1057 3311 1215 3375 Henricus
1235 3309 1397 3393 Stepha-

252 3442 322 3484 nus
345 3420 380 3485 in
402 3421 486 3485 libro
510 3419 682 3504 ‘glossaria
700 3407 763 3483 duo
779 3442 795 3482 e
810 3419 875 3484 situ
894 3419 1067 3483 vetustatis
1086 3419 1190 3499 eruta,
1214 3415 1254 3480 ad
1276 3417 1395 3479 utrius-

252 3549 314 3611 que
337 3527 468 3610 linguae
492 3526 709 3610 coguitionem
733 3526 894 3609 perutilia.
938 3525 1023 3589 Item
1051 3525 1089 3589 de
1117 3524 1233 3588 atticae
1263 3522 1395 3605 linguae

253 3655 308 3697 seu
333 3633 460 3697 dialecti
488 3632 651 3697 idiomatis
676 3635 846 3697 comment.
869 3630 968 3694 Henr.
992 3629 1101 3713 Steph.
1137 3629 1283 3714 Utraque
1311 3651 1394 3692 nunc

252 3739 392 3823 primurn
416 3738 450 3801 in
472 3719 636 3822 publicum
659 3739 827 3822 prodeunt.
851 3760 878 3801 a.
900 3737 984 3801 1573
1009 3733 1186 3801 excutiebat
1206 3735 1304 3799 Henr.
1325 3735 1395 3800 Ste-

251 3843 395 3929 phanus'
425 3844 580 3928 inscripto
611 3867 641 3928 p.
667 3836 797 3908 1-2'30
826 3843 1020 3926 repetiitque
1047 3842 1084 3906 B.
1103 3841 1280 3906 Vulcanius
1310 3843 1394 3906 nihil

326 4109 345 4177 ¹)
369 4107 532 4163 Rectissime
552 4106 677 4177 Scaliger
699 4107 734 4160 ad
752 4107 866 4161 Festum
885 4106 967 4161 Pauli
988 4125 1014 4162 v.
1034 4106 1186 4160 ambactos:
1217 4105 1394 4175 ‘glossarium

251 4196 322 4250 illud
336 4214 392 4252 non
407 4197 475 4251 satis
493 4197 638 4249 laudatum
653 4198 686 4249 ct
695 4195 770 4264 quod
784 4195 1004 4264 magistellorum
1018 4194 1147 4248 manibus
1160 4193 1215 4248 teri
1228 4211 1284 4248 non
1302 4195 1393 4263 debet,

252 4285 301 4338 scd
318 4287 430 4338 tantum
449 4301 466 4339 a
484 4284 653 4338 doctioribus
677 4287 757 4338 nocte
777 4286 806 4337 et
824 4283 869 4336 die
887 4283 1011 4342 versari’.
1050 4283 1090 4338 of.
1111 4283 1196 4337 etiam
1215 4282 1394 4352 Scaligerana

251 4372 286 4439 II,
301 4379 347 4427 94:
369 4373 517 4444 ‘glossaria
531 4373 668 4442 Stephani
686 4372 810 4426 omnium
829 4372 960 4440 optima’;
979 4372 1084 4426 ibidem
1097 4383 1124 4442 p.
1136 4377 1201 4426 125:
1222 4372 1273 4426 ‘les
1287 4370 1394 4426 bonnes

252 4463 349 4518 choses
368 4462 437 4530 qu'il
455 4481 473 4530 y
492 4479 510 4515 a
528 4479 562 4516 en
580 4478 611 4515 ce
630 4462 765 4531 glossaire
785 4461 820 4514 de
840 4461 920 4514 Sciat
938 4459 1089 4514 Germain’.
