3222 5122
655 313 901 388 -2894

205 485 446 566 παραλλήλους,
471 451 526 566 oui
546 486 654 566 autem
673 483 796 567 optime
816 482 967 567 quadrat,
991 502 1064 546 eum
1084 477 1209 543 omisit:
1233 475 1351 540 Isidori

167 579 172 586 ⁵
207 589 295 675 Orig.
318 589 394 672 XII,
413 589 505 671 5,10
536 588 717 654 ‘teredonas
742 588 857 654 Graeci
887 591 1005 654 vooant
1028 586 1193 669 lignorum
1216 604 1350 664 vermes,

6 691 7 700 ¹
129 697 135 713 '
206 695 292 780 quod
319 695 453 759 terendo
483 695 589 760 edrmt.
634 694 705 760 Hos
732 717 792 760 nos
822 695 969 759 termites
997 693 1142 757 dicimus,
1186 690 1239 754 Ita
1267 689 1351 752 enim

207 803 293 886 apud
310 801 446 871 Latinos
465 802 548 886 ligni
567 823 692 866 vermes
711 806 882 885 vocantur,
906 823 1000 885 quos
1018 804 1191 881 tempore
1211 796 1351 878 impor-

182 915 300 974 tuno
325 897 458 974 caesae
482 908 640 972 arbores
663 906 847 994 gignunt'
868 938 910 960 =
935 905 1022 971 Serv.
1043 905 1082 970 ad
1102 903 1219 988 Georg.
1238 901 1262 979 I,
1278 900 1351 991 256.

293 1053 348 1146 16.
392 1051 443 1116 Ad
478 1050 587 1114 Plauti
623 1049 740 1115 Persae
777 1074 806 1115 v.
835 1051 899 1114 24'4
940 1051 1036 1131 aeque
1073 1047 1219 1130 lippolloe
1258 1045 1352 1109 le‘oe'os

6 1127 8 1286 )
202 1160 340 1242 ponam
356 1157 450 1240 poclm
471 1159 547 1240 fides
565 1157 703 1222 teodorae
727 1157 777 1221 vel
801 1156 943 1221 eiusdem
966 1156 1186 1240 fragmentum
1206 1175 1225 1216 a
1243 1149 1351 1216 Nonio

207 1289 237 1350 p.
258 1266 385 1349 180‚·11
411 1268 575 1329 servatum
598 1264 691 1328 Ie'oe'or
713 1268 758 1328 est
778 1284 872 1344 quom
891 1258 1051 1348 tippull(o)
1076 1263 1221 1344 spectare
1244 1259 1353 1341 potest

188 1373 287 1438 ·haee
310 1373 433 1456 glossa:
541 1405 545 1412 ·

551 1478 690 1560 tippula:
713 1478 824 1542 oemIs
846 1478 1008 1559 oqrrotious

298 1582 358 1639 eod.
377 1580 592 1650 Amplonianus¹
611 1599 638 1650 p.
659 1585 794 1648 383,150.

172 1663 175 1668 ¹
210 1674 412 1759 Quamquam
434 1673 536 1736 etiam
558 1662 665 1736 Varro
688 1672 724 1736 in
746 1660 928 1735 saturis'ea
950 1692 1028 1736 voce
1052 1692 1130 1734 usus
1155 1672 1212 1734 est.

301 1817 350 1881 17.
372 1813 564 1905 Infelioandi
586 1813 720 1878 verbum
739 1813 825 1896 apud
842 1812 994 1877 Plautum
1015 1795 1095 1877 satis¹
1118 1812 1268 1896 frequens
1293 1813 1354 1900 est:

210 1924 249 1988 of.
273 1921 379 1988 Casio.
402 1921 448 2005 Π,
467 1922 502 2004 3,
517 1921 573 2003 30;
605 1919 700 2004 Epid.
719 1919 756 2016 ΙΙ,
775 1921 878 2004 1,113
910 1918 1042 1984 Mereat.
1066 1917 1111 2001 II,
1131 1919 1165 2000 3,
1185 1917 1227 1981 99
1247 1913 1354 2001 (436),

210 2029 307 2094 Poen.
323 2026 365 2112 ΙΙ,
382 2028 409 2110 1,
426 2027 458 2110 13
480 2024 563 2091 Rud.
582 2025 640 2109 III,
656 2027 686 2109 6,
702 2027 742 2090 17
764 2023 858 2113 (885)
878 2029 911 2090 et
929 2024 986 2109 IV,
1005 2026 1035 2108 6,
1050 2026 1090 2088 21
1113 2021 1229 2110 (1225)
1238 2021 1272 2108 ¹).
1303 2020 1356 2086 sio

209 2135 291 2199 illud
315 2135 512 2218 explicatur:

435 2258 653 2340 e'afele'eore:
677 2258 829 2342 offle'pere,
852 2257 1004 2339 infelicem
1024 2256 1125 2338 faeere

300 2364 360 2419 eod.
375 2363 518 2417 Leidensis
533 2363 596 2418 erl)
611 2364 630 2419 f.
642 2367 713 2417 18ῐο
732 2364 861 2431 (inuisere
874 2363 920 2430 ὡς
939 2362 1024 2433 gloss.
1040 2355 1196 2415 Salomonis
1214 2359 1233 2412 f.
1251 2363 1356 2424 lOOVa;

299 2454 383 2524 gloss.
402 2450 501 2506 Isidori
524 2471 552 2522 p.
572 2459 632 2521 682,
647 2458 681 2507 46
705 2455 770 2520 (om.
790 2448 842 2519 tuf.
861 2452 943 2521 fae.);
975 2451 1114 2506 Iohannes
1138 2450 1172 2504 de
1196 2449 1284 2502 lanua
1302 2448 1355 2515 (io-

298 2543 378 2608 fele'eo
399 2580 448 2597 ...
467 2543 603 2612 laslipere,
623 2542 758 2609 infelicem
776 2538 884 2609 facete).

210 2650 347 2716 Videtur
369 2650 450 2714 haee
472 2672 541 2715 esse
554 2650 679 2716 Plaoidi
703 2651 813 2735 glossa
836 2673 866 2733 p.
886 2649 937 2734 58,
954 2651 986 2714 7:
1011 2648 1230 2730 lofelieore:
1254 2645 1357 2727 infeli-

112 2761 113 2766 ’
138 2761 145 2778 ’
211 2779 273 2821 cem
288 2758 402 2840 faeere,
421 2757 572 2840 offlipere,
593 2779 788 2841 quamquam
809 2758 980 2823 collocatio
995 2757 1168 2822 verborum
1187 2755 1356 2837 discrepat.

210 2897 214 2900 ’
303 2901 353 2965 18.
383 2898 519 2964 Plautus
543 2899 629 2984 apud
651 2899 813 2964 isidorum
838 2899 926 2984 Orig.
949 2900 1041 2984 XIX,
1060 2900 1117 2982 23,
1136 2898 1289 2963 3:⁰liaaa
1311 2917 1358 2960 eo-

212 3011 316 3089 eperto
338 3011 382 3072 est
405 3007 508 3070 testre'o
527 3005 644 3072 Gallia.
682 3005 827 3070 ‘Linnas'
846 3006 992 3072 Isidorus
1017 3007 1063 3070 alt
1087 3005 1254 3070 Gallorum
1278 3022 1358 3086 saga
1408 3009 1411 3014 ’

212 3113 334 3197 quadra
357 3115 390 3176 et
412 3112 524 3176 mollia
547 3133 629 3195 esse,
656 3110 739 3175 unde
762 3111 802 3176 ad
825 3111 980 3178 Plautum
1003 3115 1148 3196 speetare
1173 3113 1264 3194 patet
1287 3108 1358 3173 ‘Isi-

213 3217 294 3282 dori’
318 3213 464 3302 glossam
482 3241 513 3301 p.
528 3218 602 3296 684,
612 3218 654 3281 47
675 3218 793 3282 loma:
817 3240 926 3302 sapum
943 3219 1112 3301 preadromj
1135 3239 1231 3301 quam
1252 3237 1357 3280 emen-

213 3326 289 3390 dare
311 3325 433 3390 frustra
457 3323 582 3388 studuit
605 3325 693 3389 velut
715 3323 887 3390 Martinius
911 3326 945 3391 in
965 3326 1041 3390 Lex.
1065 3322 1177 3408 philol.
1201 3321 1262 3405 (ed.
1281 3321 1358 3385 Bre-

213 3454 284 3497 mae
307 3456 335 3498 a.
358 3429 457 3515 1623)
485 3454 515 3515 p.
538 3431 631 3496 1695.
681 3431 805 3496 Eadem
838 3435 990 3515 corrupta
1023 3433 1131 3516 exstat
1162 3429 1197 3492 iu
1228 3427 1358 3492 Diefen·

212 3539 321 3604 baohii
345 3537 504 3624 glossflli
537 3537 643 3600 loma:
670 3543 827 3620 stupeum,
860 3537 988 3622 integra
1018 3535 1157 3616 veroin
1184 3532 1360 3598 Panormia

213 3667 244 3727 p.
267 3646 359 3710 3281>
388 3647 420 3708 et
448 3642 514 3707 322
547 3643 655 3706 lione:
688 3664 796 3725 sapum
826 3645 989 3726 quadrum.
1034 3642 1134 3707 Vides
1162 3640 1259 3704 nihili
1288 3662 1358 3704 eam

94 3774 96 3778 ’
214 3773 297 3836 esse,
335 3774 408 3816 oum
440 3750 604 3836 Osbernus
636 3748 753 3833 proaul'
781 3751 880 3816 dubio
914 3773 952 3814 ex
985 3748 1173 3834 Originibus
1205 3747 1359 3811 hauserit.

213 3855 350 3922 Fontem
374 3857 502 3941 glossae
525 3877 559 3919 re
580 3877 657 3920 vera
675 3855 875 3922 Isidorianae
893 3855 1105 3941 ignorabant,
1129 3854 1184 3938 qui
1203 3854 1238 3918 in
1255 3853 1360 3916 lexiea

214 3961 293 4027 haee
311 3961 638 4047 receperuntr‘lomo
657 4010 664 4026 .
680 4011 709 4027 ..
733 3959 765 4047 a)
781 3963 833 4026 ein
847 3961 952 4045 Dorn3
975 3958 1013 4046 b)
1028 3960 1112 4024 eine
1127 3957 1199 4022 Art
1212 3956 1359 4021 Mantel

216 4068 338 4135 Gloss.
365 4068 513 4135 Isidor’.
559 4069 699 4134 Versum
735 4071 848 4133 eontra
879 4067 1068 4131 Plautinum
1104 4087 1207 4149 neque
1245 4064 1360 4128 lexioo-

215 4176 331 4262 graphi
354 4181 507 4241 curarunt
525 4197 628 4260 neque
652 4176 701 4240 illi
724 4175 780 4260 qui
802 4175 1124 4258 fragmenta-poetae
1148 4171 1360 4256 collegerunt.
1449 4235 1453 4250 ,

216 4339 428 4347 ———----

290 4441 310 4511 ²)
335 4438 375 4498 Of.
394 4442 596 4497 Bueohelerum
618 4440 648 4497 in
666 4439 755 4499 Musei
778 4437 905 4498 Rhenani
922 4443 942 4496 t.
963 4435 1014 4493 XV
1038 4439 1073 4506 (a.
1093 4438 1173 4505 1861)
1192 4427 1221 4506 p:
1235 4442 1286 4492 431
1298 4453 1359 4504 sqq.

268 4541 362 4596 Ltus,
376 4542 403 4581 ds
417 4541 485 4590 gloss.
499 4541 540 4582 lat.
1114 4532 1146 4580 19
