3178 5122
625 345 961 448 -aeu'

163 546 235 610 sim.
259 543 334 610 Non
357 544 443 628 fugit
465 543 545 608 haec
567 544 652 609 ratio
675 545 710 609 P.
730 543 951 610 Burmannum
975 545 1044 612 See.
1067 549 1100 610 ct
1122 545 1161 612 U.
1176 545 1209 612 F.
1224 545 1311 630 Kop-

162 653 254 736 pium
266 651 544 735 Palaeographiae
563 651 579 715 Ι
597 675 628 736 p.
643 651 721 736 3703
743 651 777 716 II
794 675 825 736 p.
839 653 913 736 460,
936 655 1013 736 post
1032 675 1113 737 quos
1132 653 1204 717 vide
1228 675 1309 738 quae

164 760 203 824 ad
227 759 361 824 eandem
384 750 453 822 rem
477 760 660 840 spectantia
679 759 810 843 scripsit
828 757 1007 824 Guilelmus
1030 757 1225 826 Schmitzius
1246 759 1308 824 ‘die

163 866 374 930 'lironisehen
397 864 507 930 Noten
529 865 596 929 und
618 865 836 930 lsidorisehen
859 863 1010 930 Glossen'
1041 866 1074 930 in
1097 865 1203 932 Musei
1225 866 1310 932 Ithe-

162 972 241 1037 nani
264 974 288 1036 t.
305 970 449 1036 XXVIII
472 968 517 1056 (a.
537 970 637 1058 1873)
660 996 690 1057 p.
709 973 783 1037 485.

252 1151 314 1232 His
354 1168 499 1232 fontibus
540 1165 725 1254 indicatis1)
767 1169 915 1253 quamvis
957 1170 1111 1236 universa
1152 1167 1309 1254 scaligeri

162 1275 396 1358 glossariorum
433 1275 527 1358 copia
558 1274 704 1340 funditus
736 1275 878 1340 nondum
911 1274 1070 1342 exhausta
1105 1277 1164 1360 sit,
1198 1268 1311 1340 tamen

161 1381 299 1464 parvula
321 1384 449 1462 tantum
480 1380 663 1464 glossarum
690 1403 766 1464 pars
795 1385 910 1467 restat,
939 1405 1020 1467 quae
1048 1384 1131 1448 unde
1161 1386 1309 1467 sumptae

162 1487 230 1552 sint
253 1508 319 1553 nen
345 1487 579 1572 indagavimus.
613 1487 682 1564 Quo
706 1488 741 1551 in
763 1511 896 1554 numero
926 1489 1096 1554 dolendum
1124 1511 1200 1556 sane
1224 1490 1311 1574 quod

161 1595 274 1659 insunt
304 1595 393 1658 velut
418 1617 447 1679 p.
472 1594 585 1679 6923
611 1595 788 1677 prurientes
819 1597 966 1662 enribres:
999 1599 1054 1680 qni
1081 1597 1205 1663 libenter
1230 1599 1310 1664 desi-

160 1704 272 1766 derent
297 1703 334 1766 dc
360 1702 423 1766 elie
454 1701 532 1765 meli
563 1702 684 1783 ele'pnid
710 1704 819 1768 oeedire
847 1708 880 1767 et
907 1727 937 1789 p.
962 1705 1037 1788 697,
1061 1705 1080 1770 9
1109 1706 1309 1788 tenpiliintim

162 1810 265 1892 loqni:
283 1809 394 1892 praeis
416 1808 528 1891 verbis,
555 1829 576 1872 e
600 1809 741 1891 Tenpiiie
758 1811 915 1891 parasite,
942 1812 998 1891 qni
1018 1812 1054 1874 in
1076 1810 1130 1875 bec
1152 1812 1311 1876 invenerat

160 1917 245 1980 risen
266 1917 447 1999 encnpinrn,
474 1920 510 1980 nt
535 1917 689 1980 solntetns
710 1917 842 1980 ceneieie
865 1917 1055 1998 respernieret
1078 1922 1106 1981 et
1127 1919 1308 1982 neeledicen-

161 2027 219 2086 tern
234 2007 431 2087 blandissime
447 2022 604 2086 solnteret.
636 2020 760 2085 Harum
779 2026 812 2086 et
831 2021 987 2088 similium
1006 2023 1190 2108 glossarum
1210 2024 1307 2109 origi-

159 2150 236 2192 nem
260 2129 410 2213 persequi
433 2128 625 2211 posterioris
649 2148 743 2192 curae
767 2127 841 2209 erit,
865 2150 929 2212 qua
951 2129 986 2192 in
1009 2151 1043 2192 re
1067 2130 1145 2214 quin
1166 2129 1307 2195 Franco-

160 2236 294 2321 galliae,
314 2236 452 2299 maxime
466 2234 633 2300 Parisinae
651 2235 869 2300 bibliothecae
887 2236 1161 2321 investigantibus
1180 2239 1307 2322 largam

160 2342 331 2406 materiam
354 2342 534 2424 praebituri
557 2341 624 2405 sint
646 2361 713 2406 non
736 2341 858 2406 dubito.
887 2342 938 2406 Ex
952 2342 998 2406 eis
1013 2345 1121 2407 autem
1145 2366 1227 2427 quae
1245 2366 1306 2409 nes

160 2448 383 2532 congessimus
410 2469 476 2512 non
502 2448 583 2514 levis
610 2447 766 2511 momenti
793 2447 874 2511 illud
902 2452 981 2532 pute
1008 2447 1059 2513 vel
1089 2470 1174 2514 nunc
1197 2471 1306 2515 conse-

159 2556 282 2639 quitur,
306 2555 391 2639 quod
414 2556 594 2640 glossarum
619 2555 794 2620 latinarum
816 2556 965 2639 princeps
990 2555 1095 2620 editor
1112 2559 1145 2620 et
1163 2558 1305 2641 locuples

159 2662 350 2727 aestimator
371 2661 528 2745 Iosephus
551 2661 660 2726 Iustus
685 2659 895 2748 Scaliger²)
919 2662 994 2746 fuit,
1022 2667 1059 2727 ut
1083 2663 1150 2727 eius
1173 2664 1305 2728 laudum

159 2789 299 2834 coronae
322 2791 441 2834 novum
464 2790 568 2853 neque
591 2767 780 2853 pusillulum
803 2769 917 2833 folium
940 2767 1099 2832 insertum
1123 2770 1175 2834 sit.

249 2874 365 2940 Restat
383 2878 419 2940 ut
438 2873 592 2960 Scaligeri
610 2877 627 2940 b
645 2876 773 2939 litterae
797 2875 914 2959 glossis
939 2875 1032 2939 editis
1057 2879 1089 2939 et
1112 2873 1304 2963 enarratis³)

160 2984 429 3067 demonstremus,
463 3006 525 3068 que
556 2983 652 3047 modo
681 2981 829 3047 ‘Isidori'
860 2983 986 3066 glossae
1018 2981 1206 3048 tractandae
1235 3005 1304 3048 esse

159 3090 254 3155 nobis
272 3090 450 3155 videantur.
484 3089 555 3167 Qua
577 3089 611 3154 in
634 3111 668 3153 re
693 3089 719 3153 si
744 3088 820 3173 quid
842 3110 902 3153 nos
925 3088 1024 3172 fugit,
1047 3111 1113 3153 non
1137 3090 1303 3155 defuturos

159 3218 325 3281 speramns
354 3198 409 3282 qui
437 3195 498 3261 hec
528 3197 623 3281 aequi
645 3196 723 3260 boni
746 3196 870 3260 faciant
891 3196 926 3259 in
949 3197 1084 3260 materia
1107 3219 1174 3261 nen
1197 3197 1303 3262 minus

158 3299 282 3390 veria4)
306 3308 339 3366 et
361 3305 528 3389 intricata,
552 3327 648 3389 quam
671 3325 773 3387 usque
797 3303 946 3368 adhunc
971 3302 1055 3367 diem
1078 3303 1235 3386 neglecta.

468 3667 496 3708 '.
575 3607 736 3691 Babiger:
760 3607 877 3672 stultus

245 3755 275 3818 p.
300 3734 373 3817 670,
388 3735 430 3799 36
455 3732 502 3798 ed.
525 3731 632 3796 Vulcz
656 3733 766 3816 glossa
790 3731 977 3815 saepissime
1000 3731 1133 3814 tradita,
1157 3730 1302 3795 velutin

163 3847 369 3858 -...-.—.—-·-

231 3893 250 3962 ¹)
274 3892 406 3946 Consulto
429 3893 554 3946 tacemus
578 3889 612 3943 de
634 3889 759 3944 fontibus
781 3889 903 3946 incertis.
929 3888 1014 3943 Velut
1037 3887 1209 3955 dubitamus,
1234 3906 1300 3940 num

156 3978 282 4050 Scaliger
300 3979 353 4044 tali
370 3979 453 4048 quale
472 3982 514 4033 est
531 3978 749 4048 Amplenianum
768 3978 918 4032 secundum
938 3976 1073 4046 glossario
1091 3994 1157 4030 usus
1176 3976 1221 4030 sit.

229 4070 249 4139 ²)
270 4069 405 4140 scaligeri
422 4070 458 4123 ad
477 4071 608 4138 excerpta
620 4068 732 4122 notulas
746 4084 842 4121 omnes
855 4066 1018 4136 propediem
1032 4065 1126 4131 edam3
1145 4081 1210 4118 nam
1223 4063 1298 4118 ‘Sca-

155 4159 238 4228 ligeri
257 4159 369 4228 quidem
387 4158 495 4212 nullam
514 4175 598 4212 unam
617 4157 729 4212 literam
747 4156 838 4227 perire
855 4156 899 4210 fas
918 4155 1008 4209 duco’

229 4249 248 4319 ³)
271 4247 385 4302 Arevali
408 4247 493 4302 editio
517 4247 672 4301 revocanda
696 4247 756 4300 erat
779 4244 815 4298 ad
837 4243 967 4299 Vulcanii
992 4242 1146 4311 exemplar,
1170 4241 1300 4298 Vulcanii

154 4339 265 4409 glossae
284 4338 320 4392 ad
339 4337 544 4407 Scaligernnm,
565 4335 759 4406 Scaligeranae
778 4335 814 4388 ad
833 4333 941 4388 codices
959 4349 1043 4388 manu
1061 4331 1187 4401 scriptos.

227 4428 249 4496 ⁴)
268 4427 331 4481 Non
349 4427 423 4480 male
443 4424 569 4494 Scaliger
587 4425 621 4479 de
642 4424 760 4479 ‘isidori'
786 4422 886 4492 glossis
904 4421 986 4476 dixit:
1012 4421 1045 4474 ‘il
1063 4437 1080 4474 a
1099 4421 1244 4490 beaucoup
1263 4422 1299 4476 de

154 4516 368 4573 ratisseries’
386 4516 422 4586 (v.
436 4513 615 4586 Scaligerana
629 4514 788 4588 Groningee
807 4530 831 4568 a.
848 4517 916 4567 1669
933 4511 974 4566 ed.
989 4511 1016 4564 ll
1034 4529 1061 4582 p.
1076 4513 1146 4582 125).
