3232 5122
285 450 401 534 latiua,
433 450 659 535 exquisitiores
688 453 796 515 autem
829 473 922 515 voces
954 452 1075 518 latinae
1102 475 1200 537 quam
1227 455 1262 519 in
1290 448 1427 538 ‘Cyrilli’

285 555 446 644 glossis¹).

371 663 427 729 III.
465 662 587 729 Similis
620 664 739 730 codicis
775 688 851 749 pars
888 665 1072 752 fragmenta
1106 669 1264 752 quaedam
1297 669 1426 736 ‘codicis

282 771 414 836 cortieei
450 772 667 839 bibliothecae
695 772 979 839 Helmstadiensis'
1015 773 1116 839 fuisse
1148 774 1310 860 videntur,
1346 800 1426 862 quae

283 875 449 961 ‘quattuor
467 930 474 944 .
489 929 496 944 .
511 931 518 945 .
536 880 658 970 tabulis
681 880 863 946 convolutis
887 883 920 945 et
942 881 1122 947 minoribus
1145 881 1338 967 fragmentis
1362 905 1427 948 non

281 984 379 1048 nullis
408 989 591 1052 constantia
620 989 659 1052 ad
690 989 885 1072 glossarium
918 988 1174 1073 graecolatinum
1205 991 1367 1072 pertinere
1395 995 1427 1055 et

282 1092 409 1156 saeculo
438 1091 502 1158 VII
524 1095 577 1159 vel
599 1095 680 1159 VIII
709 1094 845 1179 scripta'
874 1095 976 1160 videri
1004 1095 1155 1160 docemur
1182 1097 1217 1161 in
1244 1095 1426 1162 Annalibus

281 1198 435 1264 litorariis
460 1223 488 1266 a.
514 1202 598 1267 1782
623 1201 664 1265 ab
687 1199 817 1266 Henkio
841 1205 874 1266 et
896 1201 1037 1268 Brunsio
1062 1202 1156 1267 editis
1180 1225 1210 1286 p.
1237 1204 1314 1287 193,
1336 1205 1425 1268 cuius

281 1305 327 1370 rei
350 1307 540 1371 memoriam
563 1309 732 1373 renovavit
749 1307 921 1374 Mauritius
945 1308 1058 1393 Haupt
1082 1309 1315 1376 ‘Bruchstiiohe
1339 1311 1425 1375 eines

281 1433 327 1496 gr.
346 1413 401 1477 lat.
421 1412 602 1479 Glossares'
625 1414 659 1478 in
684 1413 790 1480 Musei
812 1415 959 1480 Rhenani
982 1419 1004 1480 t.
1023 1414 1234 1502 11(a.1843)
1257 1439 1288 1501 p.
1303 1417 1368 1482 639
1380 1440 1425 1501 sq.

280 1519 370 1584 Haec
393 1520 576 1605 fragmenta
599 1542 677 1585 num
700 1521 857 1605 hodieque
881 1525 1010 1588 exstent
1033 1523 1150 1588 nescio.

132 1663 141 1680 ·
192 1711 194 1721 Α
258 1615 281 1658 '
368 1626 423 1691 IV.
456 1627 586 1692 Miraris
614 1628 701 1692 haud
729 1627 826 1692 dubie
856 1627 1018 1694 nihildum
1039 1633 1078 1693 'te
1107 1631 1246 1696 audiisse
1275 1653 1326 1696 me
1352 1655 1424 1697 nar-

279 1737 408 1797 rantem
432 1733 470 1797 de
494 1733 614 1818 glossis
638 1757 672 1798 re
696 1757 772 1799 vera
795 1736 1040 1819 graecolatinis,
1063 1736 1094 1800 h.
1110 1759 1134 1802 e.
1154 1738 1193 1802 de
1217 1738 1263 1803 eis
1288 1761 1423 1823 qua-rum

279 1839 441 1904 lemmatis
465 1839 590 1906 rariora
612 1841 771 1906 vocabula
793 1861 909 1927 graeca
936 1841 1141 1907 continentur
1169 1846 1202 1908 et
1231 1845 1422 1931 interpreta-

279 1949 397 2011 mentis
420 1947 521 2012 latine
545 1947 753 2030 explicantur.
786 1947 880 2013 Tales
899 1949 1084 2014 rarissimae
1104 1949 1232 2015 suntin
1254 1953 1423 2036 glossariis

280 2053 383 2118 adhue
420 2055 680 2119 commemoratis
689 2050 728 2139 2),
765 2057 894 2119 exstant
930 2057 1037 2119 autem
1069 2067 1134 2120 non
1165 2080 1287 2142 paucae
1319 2060 1353 2124 iu
1386 2082 1423 2124 ea

279 2160 462 2244 glossarum
476 2162 670 2248 bilinguium
688 2161 841 2246 editione,
866 2183 929 2246 qua
948 2163 1017 2226 sola
1036 2163 1084 2227 uti
1103 2161 1241 2252 solent3)
1260 2166 1288 2230 si
1308 2167 1363 2251 qui
1383 2168 1423 2232 ad

277 2281 392 2350 parum
405 2272 501 2334 notos
516 2269 576 2334 hos
590 2268 696 2333 fontes
711 2268 857 2332 redeunt:
877 2269 912 2333 in
927 2266 1038 2335 Caroli¹
1050 2268 1194 2355 Labbaei
1213 2271 1423 2362 glossariis4),

278 2395 359 2459 quae
383 2378 458 2458 post
481 2376 549 2440 eius
574 2398 601 2440 a.
624 2375 705 2440 1657
730 2377 868 2439 mortem
893 2375 945 2440 Du
960 2373 1084 2461 Uangio
1108 2375 1308 2466 praefantes)
1332 2380 1421 2446 Pari-

279 2533 491 2546 Q

281 2656 286 2667 ¹
352 2639 371 2708 ¹)
391 2637 477 2694 Velut
495 2639 529 2694 cf.
545 2640 701 2706 chauriunt,
720 2656 884 2707 conuocare,
902 2642 1083 2710 rabiosorum,
1102 2643 1310 2710 reaimiaotum,
1330 2646 1420 2699 cultel-

279 2729 349 2794 lum,
369 2745 443 2799 apra.
997 2738 999 2744 '

350 2817 369 2885 2)
393 2817 556 2873 Rectissime
581 2819 761 2889 Scaligerana
779 2820 804 2872 ΙΙ
822 2839 848 2889 p.
869 2827 915 2874 94:
944 2821 996 2875 ‘les
1021 2821 1168 2889 glossaires
1186 2839 1220 2876 ne
1244 2823 1340 2878 valent
1362 2823 1421 2879 rien
1480 2831 1483 2836 “

246 2945 250 2954 .
276 2923 347 2974 pour
364 2906 390 2960 le
409 2923 486 2976 gree,
506 2907 576 2960 mais
596 2908 750 2962 seulement
768 2926 837 2977 pour
855 2910 882 2964 le
901 2909 992 2964 latin'.
1160 2976 1162 2988 Ι

350 2994 369 3063 8)
393 2993 446 3060 Qui
468 3013 529 3050 rem
552 2997 643 3064 novit,
667 2997 709 3051 ita
731 3015 760 3052 se
783 2999 886 3054 habere
910 2999 1050 3054 concedet.
1087 2999 1151 3053 Non
1170 3000 1270 3056 desunt
1288 3020 1354 3057 saue
1373 3003 1421 3072 qui

276 3081 412 3137 Vulcanio
432 3083 609 3154 Stephanove
628 3088 756 3141 utentum
782 3089 830 3144 sed
854 3089 888 3142 de
911 3105 988 3143 more
1012 3091 1152 3144 communi
1174 3090 1287 3158 loquor,
1310 3092 1420 3146 nonde

275 3172 372 3248 paucis
387 3173 553 3241 quibusdam
567 3175 758 3244 prudentibus.
787 3177 873 3232 Miror
887 3178 961 3246 quod
976 3177 1006 3232 Ο.
1017 3178 1175 3246 Muellerus,
1195 3179 1243 3247 qui
1257 3175 1293 3234 ad
1307 3180 1420 3236 Festum

209 3311 212 3318 ,
275 3260 516 3330 interpretandum
534 3261 674 3334 bilingues
692 3267 799 3335 glossas
819 3265 955 3336 Scaligeri
978 3267 1099 3338 vestigia
1122 3271 1232 3323 secutus
1254 3268 1420 3337 frequentis·

276 3350 345 3404 sime
369 3350 497 3419 adhibet,
525 3350 661 3433 Stephani
685 3357 713 3410 et
732 3356 862 3410 Vulcanii
884 3355 971 3410 libros
994 3356 1106 3410 omnino
1129 3357 1273 3427 ignorasse
1300 3357 1419 3413 videtur.

275 3441 387 3508 Absque
410 3457 465 3508 quo
489 3444 574 3512 esset,
601 3461 656 3498 uon
680 3447 748 3514 puto
772 3447 842 3500 haec
865 3445 1023 3514 scripsisset
1045 3446 1225 3514 praefationis
1243 3465 1270 3516 p.
1290 3447 1419 3502 XXXIV:

277 3528 424 3600 ‘glossaria
441 3531 632 3600 graecolatina
645 3533 792 3590 Labbaeus
810 3532 943 3587 inunum
962 3551 1061 3604 corpus
1080 3533 1184 3604 coegit:
1203 3536 1309 3591 rectius
1326 3539 1419 3591 autern

275 3618 309 3672 de
328 3617 363 3672 iis
381 3618 500 3674 iudicari
518 3621 634 3690 poterit,
660 3621 684 3674 si
706 3622 817 3690 quaudo
838 3622 991 3677 ercisoendi
1014 3623 1122 3678 actione
1146 3620 1363 3694 unumquodque
1386 3644 1420 3681 ex

273 3705 307 3760 iis
327 3724 405 3761 suam
423 3709 581 3777 portionem
599 3709 757 3779 receperit'.
793 3710 905 3764 Dudum
923 3711 998 3765 enim
1016 3710 1142 3766 Labbaei
1164 3713 1301 3781 glossaria
1324 3714 1418 3784 singil-

244 3822 248 3832 ·
273 3795 354 3850 latim
370 3796 446 3852 edita
461 3798 614 3852 exstabant.
633 3799 686 3853 Rei
699 3798 839 3853 rationem
848 3798 1013 3854 Muellerum
1028 3803 1204 3870 perspectam
1219 3817 1274 3855 non
1287 3802 1418 3857 habuisse

164 3962 166 3968 Ι
274 3885 360 3940 stiam
378 3887 469 3956 prima
489 3887 612 3942 eiusdem
631 3888 750 3958 paginae
770 3889 913 3944 adnotatio
934 3889 1023 3944 docet.

346 3976 367 4044 ⁴)
388 3975 498 4045 ‘Cyrilli
511 3976 656 4031 Philoxeni
675 3978 849 4048 aliorumque
868 3981 995 4033 veterum
1013 3979 1149 4048 glossaria
1167 3977 1372 4048 latino-graeca
1390 3982 1419 4034 et

273 4065 487 4134 graeco-latina,
514 4083 530 4120 a
549 4065 648 4120 Carolo
667 4066 798 4122 Labbaco
818 4068 937 4123 collecta
955 4067 1031 4121 etin
1049 4067 1190 4138 duplicem
1209 4067 1418 4137 alphabeticum

273 4154 400 4210 ordinem
426 4156 548 4210 redacta.
591 4155 659 4209 Cum
687 4156 772 4211 variis
800 4156 1041 4212 emendationibus
1070 4174 1104 4211 ex
1131 4175 1195 4212 mss.
1219 4157 1298 4212 codd.
1322 4157 1418 4226 petitis

272 4243 449 4314 virorumque
468 4245 863 4315 doctorum,castigationibus
883 4263 915 4300 ac
934 4245 1120 4300 coniectaneis
1138 4287 1144 4299 .
1160 4290 1166 4302 .
1183 4289 1189 4301 .
1207 4247 1354 4314 praeterea
1372 4263 1417 4302 ve-

272 4335 346 4386 teres
364 4333 472 4402 glossae
490 4334 638 4388 verborum
656 4333 724 4387 iuris
744 4376 771 4388 ..
789 4377 794 4388 .
821 4332 950 4389 Lutetiae
968 4334 1139 4389 Parisiorum
1158 4351 1182 4388 a.
1202 4333 1416 4389 MDCLXXIX'.

347 4423 367 4493 ⁵)
386 4421 431 4475 Du
445 4421 545 4492 Gangii
562 4439 663 4477 nomen
681 4439 771 4491 neque
791 4423 978 4492 subscriptum
997 4426 1040 4478 est
1058 4441 1148 4492 neque
1164 4440 1282 4491 usquam
1298 4440 1417 4480 comme-
