3216 5126
605 325 888 388 .-139--

288 478 509 546 (lumborum
532 483 676 548 codicum
701 484 861 568 glossario
885 483 964 570 (non
988 483 1171 570 glossariis)
1196 485 1342 568 proxime
1401 475 1405 486 ’

198 592 370 670 cognatam
403 611 473 653 esse
502 588 730 654 Leidensem
763 592 924 676 quandam
954 592 1142 656 memoriam
1176 611 1260 656 nuno
1290 593 1341 656 de-

198 694 462 760 monstrabimus.
507 695 547 759 In
575 697 683 761 codice
711 697 871 763 Vossiano
897 696 936 764 8⁰
964 699 1006 762 24
1035 698 1218 781 chartaceo,
1253 697 1342 762 cuius

198 800 336 866 indicem
359 801 461 865 habes
480 803 514 865 in
533 804 681 887 catalogo
704 827 735 887 p.
749 805 852 888 aava,
876 809 950 889 post
974 803 1136 889 ‘glossarii
1156 826 1236 886 opus
1256 823 1343 887 egre-

198 909 288 992 gium
307 909 409 974 totius
429 908 560 994 linguae
579 911 700 976 latinae
720 911 949 976 vocabulorum
965 909 1235 994 copiosissimum’
1256 910 1342 974 aliud
1385 993 1388 1000 Ι

198 1015 394 1100 glossarium
418 1017 562 1100 sequitur
586 1019 619 1082 in
648 1017 798 1102 catalogo
826 1040 891 1082 non
919 1021 1217 1100 commemoratum,
1251 1017 1341 1081 cuius

199 1123 385 1207 apographo
411 1123 652 1189 Burmanniano
676 1148 752 1190 usus
776 1147 856 1188 sum.
894 1124 1016 1207 Incipit
1038 1126 1148 1190 abacta
1169 1130 1272 1189 nocte:
1295 1146 1341 1188 oc‘-

197 1251 287 1312 spera
307 1231 467 1314 incidente,
491 1232 623 1316 explicit
642 1233 865 1310 vadimonium,
887 1233 1122 1296 eoadimonc'urn.
1156 1229 1262 1294 Codex
1287 1231 1340 1293 ille

199 1337 392 1420 Vossianus,
424 1337 508 1400 unde
537 1338 708 1422 descripsit
735 1339 954 1422 Burmannus,
986 1339 1097 1421 procul
1126 1337 1224 1401 dubio
1253 1340 1340 1401 vetu-

199 1444 308 1510 stioris
341 1443 513 1507 memoriae
547 1446 758 1528 apographon
796 1448 852 1510 est.
904 1444 1105 1510 Glossarium
1143 1467 1209 1508 non
1245 1445 1341 1508 nimis
1431 1460 1436 1472 ·

196 1544 337 1635 amplum
362 1549 439 1614 duas
464 1551 616 1616 materias
640 1553 735 1634 plane
755 1552 896 1615 diversas
916 1550 1060 1616 exhibet:
1083 1554 1261 1615 notarum
1276 1551 1340 1614 Ti-

194 1657 445 1721 ronianarum
469 1659 649 1722 lemmata
672 1657 864 1742 permulta¹)
888 1663 921 1722 et
940 1658 1066 1744 glossas
1087 1659 1227 1741 optimae
1242 1659 1339 1722 notae

195 1766 261 1830 fere
284 1764 429 1830 totidem.
463 1764 555 1830 Hanc
575 1769 683 1830 autern
702 1766 854 1850 glossarii
873 1769 1000 1849 partem
1015 1787 1165 1828 unacum
1180 1763 1339 1828 Vaticano

195 1876 228 1935 et
261 1871 507 1936 Vindobonensi
539 1892 578 1934 ex
611 1870 723 1934 eodem
760 1871 849 1935 fonte
884 1871 1023 1954 pendere
1056 1870 1107 1934 vel
1144 1870 1340 1953 principium

195 1977 348 2062 glossarii
373 1977 519 2041 cumbis
543 1976 696 2041 collatum
720 1977 875 2041 ostendit:

389 2115 553 2171 Vossianus:
940 2117 1178 2171 vindobonensis:

196 2225 298 2277 abante
317 2225 418 2277 noctes
437 2240 554 2292 vespera
571 2222 711 2276 incidente
781 2226 882 2279 abante
901 2225 1002 2279 nocte:
1022 2240 1137 2293 uespere
1156 2222 1294 2276 incidente

196 2312 233 2365 ab
252 2312 429 2375 alneatibusz
448 2329 465 2365 a
483 2311 676 2380 praesentibus
781 2313 995 2367 abaluearibus:
1015 2312 1195 2381 apresepibus

195 2403 331 2455 abantea:
353 2401 468 2468 mortui,
493 2417 562 2468 quos
582 2399 680 2454 Graeci
704 2400 753 2453 ali·
781 2404 917 2456 abantes:
941 2403 1056 2471 mortui,
1083 2418 1152 2470 quos
1178 2399 1271 2469 graeci
1290 2399 1341 2452 ali-

231 2493 349 2558 quantes
368 2488 515 2558 appellant
558 2549 560 2552 ,
817 2492 916 2546 bantes
935 2491 1080 2560 appellant

197 2579 233 2632 ab
252 2592 335 2632 arcet
355 2579 390 2631 ab
408 2578 476 2631 urbe
782 2582 817 2634 ab
836 2593 918 2633 arce:
938 2580 973 2633 ab
993 2580 1060 2633 urbe

197 2666 362 2721 abaruncit=
382 2667 517 2721 abalienit
782 2669 946 2722 abaruncitz
966 2668 1113 2734 abalienit‚
1133 2669 1244 2721 auertat

196 2755 372 2824 abcrepitus:
392 2754 514 2825 signum,
535 2757 609 2823 quod
623 2774 686 2810 cum
706 2772 753 2825 pa·
782 2757 984 2826 obstrepitum:
1000 2757 1088 2826 signa,
1099 2773 1152 2829 que
1164 2771 1351 2828 cum‘pavore¹

231 2862 297 2898 vore
316 2845 435 2899 solemus
454 2846 549 2899 audire
817 2847 937 2900 solemus
956 2847 1051 2900 audire

196 2971 234 3034 In
253 2973 364 3036 eodem
388 2972 547 3058 glossario
564 2973 724 3038 Vossiano
747 2975 924 3056 permultae
944 2974 1054 3037 insunt
1077 2974 1205 3056 glossae
1225 2970 1265 3034 ad
1280 2969 1339 3032 Te·
1390 2953 1393 2961 ’

195 3078 336 3141 rentium
355 3084 552 3164 spectantes,
576 3082 659 3145 sicut
679 3082 777 3146 ctiam
796 3081 830 3144 in
848 3080 988 3144 Maianis
1008 3080 1089 3145 tomi
1104 3078 1150 3142 Vl
1170 3079 1339 3161 excerptis,

196 3184 228 3247 id
252 3184 335 3266 quod
364 3185 511 3268 pluribus
538 3187 758 3252 demonstrare
786 3188 919 3272 longum
943 3190 1000 3250 est.
1047 3184 1198 3250 Ceterum
1221 3185 1339 3248 Teren-

196 3291 304 3354 tianae
337 3291 412 3355 illae
446 3292 529 3374 apud
557 3291 680 3356 Maium
713 3293 844 3376 glossae
868 3315 885 3355 c
909 3291 1068 3356 Vaticano
1093 3293 1181 3356 3320
1210 3291 1340 3355 fluxisse

196 3403 346 3482 possunt,
369 3406 505 3482 possrmt
528 3399 626 3463 etiam
650 3400 777 3464 aliunde
801 3400 965 3464 derivatae
989 3422 1072 3463 esse:
1098 3398 1252 3462 Vossiani
1275 3421 1339 3462 me-

196 3505 333 3569 moriam
356 3506 613 3571 cumVaticano
638 3505 944 3591 Vindobonensique
973 3506 1135 3570 artissimo
1167 3504 1339 3569 cohaerere

196 3611 323 3675 vinculo
348 3615 470 3677 certum
494 3618 552 3678 est.

286 3716 367 3782 Cum
382 3719 545 3784 codicibus
555 3718 721 3784 'Vaticano
737 3719 1044 3801 Vindobonensique
1061 3717 1223 3781 consentit
1242 3717 1338 3780 etiam

197 3824 316 3888 codicis
346 3823 614 3908 Sangallensis
643 3823 741 3910 9122)
774 3826 947 3909 praecipua
980 3825 1161 3908 glossarum
1194 3824 1339 3888 materia.

197 3929 416 4015 Sangallensis
439 3937 568 4015 praeter
587 3931 783 3996 Vaticanum
802 3932 886 3996 3321
913 3931 1056 3995 omnium
1080 3929 1225 3994 codicum
1249 3936 1339 4012 quot-

197 4041 277 4121 quot
289 4038 351 4102 hac
365 4061 466 4122 usquc
480 4038 550 4102 noti
565 4042 641 4104 sunt
655 4038 904 4122 vetustissimus),
918 4038 1051 4102 membr.
1064 4036 1214 4101 saachI
1220 4037 1339 4101 -VIII

182 4130 314 4208 litteris
339 4144 520 4210 uncialibus
544 4145 696 4230 scriptus,
722 4142 782 4209 12⁰
808 4146 848 4212 14
862 4146 915 4210 val
932 4144 971 4209 15
995 4144 1029 4209 in
1048 4143 1184 4228 singulis
1208 4143 1338 4227 paginis

271 4355 290 4424 ¹)
308 4357 349 4410 De
368 4355 412 4409 bis
430 4357 512 4424 plura
530 4356 598 4410 alibi
616 4357 753 4412 dabimus.

271 4445 290 4514 ²)
311 4443 351 4500 Cf.
371 4444 531 4516 catalogum
550 4462 575 4502 a.
597 4450 663 4501 1875
683 4446 789 4507 editum
807 4465 834 4523 p.
849 4453 952 4520 3305q.
