3232 5122
647 295 887 360 -219—

197 457 255 522 siis
276 458 405 522 61619
430 456 518 521 edita
541 461 626 521 sunt.
662 452 864 540 Labbaeusl)
888 453 973 518 enim
997 453 1154 537 auctore,
1176 453 1342 517 hortatore

198 565 294 646 atque
313 560 535 649 impulsore'2)
551 562 716 646 Scaligero
736 562 895 646 glossaria
910 560 1067 644 Stephani
1091 561 1125 624 16
1139 581 1238 624 unum
1257 557 1302 644 (h.
1317 580 1342 623 e.

197 667 231 733 in
247 670 400 734 continua
415 671 477 735 duo
497 670 612 754 lorica,
632 668 887 753 graecolatinum
902 668 1054 751 alterum,
1074 668 1212 732 alterum
1225 664 1342 731 latino-
1386 743 1393 754 ι

189 773 363 862 graecum)
386 777 434 841 ita
457 775 677 858 concinnavit,
704 779 742 839 ut
769 774 913 860 singulas
943 775 1068 859 glossas
1098 774 1148 837 bis
1176 774 1343 854 insereret,

198 882 388 964 lemmatum
424 904 540 966 nempe
573 886 606 946 et
638 882 1001 966 interpretamentorum
1039 880 1151 944 ordine
1188 901 1342 944 converso

173 1040 186 1052 ,
199 989 436 1072 graecolatinas
465 989 597 1053 adderet
622 988 856 1076 latinograecis
880 988 1020 1072 itemque
1030 986 1273 1100 graecolatinis
1297 986 1343 1049 la-

198 1095 411 1180 tinograecas.
447 1094 534 1171 Quae
553 1094 787 1180 glossariorum
806 1093 1043 1179 conglutinatio
1064 1093 1172 1177 aliqua
1190 1115 1228 1156 ex
1251 1094 1343 1177 parte

199 1224 276 1266 sane
299 1199 422 1286 utilis³)
446 1202 509 1266 dici
533 1201 587 1267 vix
612 1205 722 1285 potest
745 1203 902 1286 quantum
926 1199 1042 1264 studiis
1067 1197 1370 1284 glossographicisv

199 1309 359 1391 nocuerit,
386 1309 578 1392 praesertim
603 1331 674 1372 oum
701 1306 859 1393 Stephani
883 1310 916 1371 et
937 1306 1089 1373 Vulcanii
1114 1307 1270 1372 editiones
1294 1327 1343 1370 ra·

199 1416 346 1480 rissimae
380 1415 458 1501 sint,
490 1416 636 1481 11666661
666 1437 732 1480 666
764 1416 852 1480 item.
903 1412 968 1499 Sic,
1001 1417 1038 1478 ut
1070 1436 1170 1478 uniam
1203 1413 1344 1496 afferam,

201 1544 272 1587 sum
300 1523 438 1606 pristina
466 1544 621 1608 compage
655 1521 760 1587 soluta
793 1521 902 1586 omnia
934 1521 1067 1586 disiecta
1100 1521 1179 1605 sint,
1212 1543 1228 1584 e
1257 1520 1344 1584 litte-

110 1670 114 1678 ·
200 1651 309 1694 rarum
342 1629 452 1694 ordine
484 1630 615 1694 turbato
647 1650 807 1712 nusquam
839 1627 1014 1712 quidquam
1047 1627 1195 1692 concludi
1227 1629 1345 1710 potest.

200 1735 373 1800 Praeterea
407 1738 516 1800 autem
548 1735 577 1799 si
604 1736 675 1820 quis
709 1735 843 1800 eandem
876 1734 1019 1819 glossam
1051 1734 1102 1798 bis
1133 1732 1250 1798 viderit
1282 1735 1344 1797 tra·

201 2021 330 2074 moratur.
368 2020 407 2072 At
428 2019 538 2084 constat
561 2035 625 2073 eum
647 2018 806 2088 praefatum
829 2033 900 2072 esse:
927 2017 961 2073 cf.
981 2017 1050 2072 Mus.
1069 2017 1195 2072 Rhenan.
1214 2019 1235 2071 t.
1253 2016 1346 2072 XVIII

201 2110 236 2176 (a.
257 2109 336 2176 raca)
355 2125 383 2176 p.
398 2113 458 2163 aaa.

275 2196 295 2264 l)
317 2196 395 2250 Idem
421 2197 478 2252 iam
506 2199 589 2252 antea
616 2197 646 2252 in
673 2197 766 2251 animo
793 2197 951 2252 habuerant
973 2195 1119 2251 Henricus.
1133 2196 1291 2266 Stephanus
1317 2198 1346 2249 et

203 2287 314 2340 Isaacus
334 2285 522 2340 Casaubonus.

274 2373 294 2444 ¹)
317 2373 394 2428 Haec
422 2377 486 2429 sunt
513 2375 600 2445 ipsius
624 2373 760 2444 Scaligeri
783 2375 818 2429 de
845 2392 873 2429 se
901 2375 994 2430 verba.
1032 2374 1074 2428 De
1097 2376 1159 2430 tota
1181 2377 1234 2430 hac
1257 2392 1287 2429 re
1311 2375 1345 2428 cf.

203 2463 346 2532 ‘excerpta
364 2480 398 2516 ex
416 2463 541 2532 epistolis
555 2462 666 2532 Iosephi
681 2462 816 2533 Scaligeri
835 2465 870 2518 ad
886 2464 1015 2519 Carolum
1031 2465 1060 2518 et
1072 2464 1186 2518 Petrum
1200 2465 1345 2520 Labbaeos

201 2552 323 2619 fratres’,
343 2569 414 2620 quae
432 2553 477 2606 Du
492 2552 590 2623 (langii
609 2552 812 2622 praefationem
831 2553 980 2622 excipiunt.
1009 2552 1103 2608 Habes
1121 2552 1162 2606 ibi
1180 2554 1258 2608 velut
1276 2554 1346 2609 haec

203 2641 307 2696 6.·Κ61,
322 2642 393 2710 Aug.
413 2647 522 2696 61602
542 2658 559 2695 a
579 2639 720 2710 Scaligero
740 2642 857 2711 scripta:
879 2642 985 2711 ‘itaque
1005 2641 1117 2711 utrique
1135 2643 1262 2698 nostrum
1279 2643 1347 2696 licet

144 2715 148 2724 ¹
201 2729 328 2800 gloriari:
352 2730 422 2784 mihi
440 2729 515 2798 quod
537 2729 642 2799 primus
666 2731 764 2786 auctor
786 2731 864 2785 vobis
886 2730 928 2785 fui
951 2730 1112 2801 animosque
1132 2730 1169 2785 ad
1188 2747 1257 2799 opus
1275 2730 1346 2785 illud

150 2841 153 2848 ·
201 2819 403 2874 instituendum
426 2818 495 2885 feci,
517 2820 597 2874 vobis
616 2820 691 2889 quod
713 2837 804 2889 neque
822 2819 988 2890 magnitudo
1012 2819 1102 2890 operis
1121 2821 1150 2874 et
1166 2819 1347 2873 inexhaustus

201 2909 281 2964 labor
300 2927 317 2962 a
332 2908 477 2978 proposito
495 2927 545 2964 vos
564 2909 711 2978 deterruit,
730 2926 820 2978 neque
839 2909 989 2982 difficultas
1004 2909 1155 2964 multarum
1169 2925 1261 2963 rerum
1275 2924 1346 2977 quae

202 2998 305 3067 passim
337 2999 485 3052 occurrunt
516 2997 637 3052 studium
670 2997 794 3052 minuere
821 3000 870 3053 aut
902 2998 1031 3053 ardorem
1058 2999 1205 3052 retundere
1232 2998 1345 3067 potuit’.

120 3091 127 3110 '
202 3087 328 3141 Exeunte
346 3105 370 3142 a.
391 3093 459 3141 1603
480 3086 594 3142 Carolus
612 3087 760 3142 Labbaeus
778 3103 937 3156 supremam
961 3103 1076 3142 manum
1098 3087 1235 3158 glossario·
1256 3087 1345 3156 impo-

203 3176 296 3230 suerat
314 3176 343 3230 et
362 3175 504 3246 Scaligero
527 3176 630 3231 librum
653 3176 796 3231 dicaturus
819 3179 887 3232 erat.
926 3177 980 3232 Sed
1002 3193 1094 3247 neque
1114 3175 1239 3247 Scaliger
1257 3193 1347 3246 aeque
1418 3243 1421 3254 Ι

202 3264 348 3319 Labbaeus
376 3281 476 3334 corpus
504 3265 576 3318 illud
603 3265 768 3334 impressum
794 3266 936 3321 viderunt:
965 3284 1085 3335 namque
1114 3266 1275 3337 evulgatum
1304 3267 1348 3320 est

204 3359 236 3407 76
248 3353 367 3407 ,demum
382 3352 461 3407 annis
475 3357 539 3422 post
554 3355 589 3409 ob
604 3355 747 3424 angustias
760 3355 801 3410 rei
815 3355 1045 3426 typographicae.
1072 3355 1119 3409 Sic
1134 3355 1207 3409 enim
1222 3354 1350 3424 Scaliger.

203 3441 303 3497 Carolo
321 3443 452 3498 Labbaeo
472 3448 496 3497 8.
516 3443 556 3499 Id.
576 3442 635 3499 Oct.
655 3461 679 3498 a.
701 3451 782 3500 1604:
810 3445 903 3500 ‘video
921 3448 950 3500 te
969 3443 1024 3500 non
1043 3445 1133 3499 minus
1152 3443 1288 3513 angustiis
1306 3442 1347 3497 rei

202 3531 421 3601 typographicae
439 3533 567 3586 laborare
586 3550 670 3600 quam
689 3533 781 3589 nos'.·

276 3619 296 3689 ³)
319 3619 391 3674 Vide
414 3637 497 3690 supra
520 3637 547 3690 p.
567 3627 628 3676 216.
671 3620 725 3687 Qui
747 3625 840 3677 recte
868 3623 957 3677 utitur
980 3623 1105 3679 Labbaei
1133 3623 1288 3693 glossariia
1316 3623 1348 3675 ut

203 3711 332 3764 notarum
351 3727 415 3764 usus
435 3713 463 3764 et
481 3711 666 3766 concinnandi
684 3711 800 3766 rationis
819 3712 894 3766 aDu
909 3708 1014 3782 O'angio
1033 3712 1062 3766 in
1075 3711 1249 3781 praefatione
1264 3727 1346 3780 expo-

203 3799 273 3854 sitas
300 3799 370 3853 bene
396 3815 502 3853 memor
528 3799 577 3868 sit,
606 3800 632 3854 ei
655 3800 837 3854 utilissimum
864 3800 919 3855 erit
945 3817 1015 3870 opus
1042 3801 1113 3854 illud
1138 3800 1260 3855 maximo
1284 3816 1348 3852 cum

203 3888 298 3942 labore
330 3887 487 3942 collectum.
532 3887 592 3954 Qua
624 3888 653 3942 in
683 3905 713 3942 re
740 3887 811 3942 illud
839 3904 948 3957 semper
980 3889 1130 3944 tenendum
1162 3890 1205 3942 est
1231 3887 1253 3942 S
1279 3889 1348 3941 nota

203 3975 356 4046 significari
380 3976 469 4030 Servii
491 3977 610 4047 glossas,
638 3977 669 4030 Ε
686 3979 781 4031 autem
802 3977 906 4046 partim
930 3977 1067 4047 Stephani
1089 3979 1220 4046 excerpta
1243 3975 1348 4046 partim

203 4067 311 4136 glossas
330 4067 413 4120 antea
432 4082 487 4120 non
506 4065 597 4120 editas
616 4082 633 4119 a
651 4065 837 4133 Labbaeoque
852 4082 867 4119 e
881 4065 1022 4121 codicibus
1035 4065 1169 4120 Parisiuis
1187 4067 1219 4119 ut
1236 4064 1348 4119 videtur

203 4155 314 4224 petitas.
342 4154 384 4209 De
403 4156 520 4224 utraque
540 4154 613 4208 enirn
628 4157 697 4210 nota
709 4155 754 4209 Du
765 4154 885 4224 Oang'us
903 4155 932 4208 in
946 4155 1119 4225 praefatione
1133 4154 1206 4208 falsa
1219 4155 1346 4223 protulit.

205 4243 381 4324 Quamquam
404 4246 493 4298 restat
515 4261 594 4312 sane,
618 4245 692 4312 quod
710 4244 836 4300 Labbaei
858 4244 930 4299 libro
956 4245 1035 4300 laudi
1056 4244 1143 4299 tribui
1166 4260 1221 4299 non
1244 4244 1346 4313 possit:

203 4332 318 4387 minime
341 4332 416 4387 enim
434 4335 563 4388 accurate
581 4349 653 4402 quae
672 4334 746 4402 apud
766 4333 939 4403 Stephanum
961 4327 1124 4404 reppdrerat
1143 4333 1272 4406 repetiit,
1298 4334 1346 4393 sed

203 4437 258 4476 non
277 4438 340 4475 raro
358 4422 466 4492 glossas
485 4421 666 4493 neglegenter
684 4421 846 4478 immutatas
865 4421 995 4498 eorrupit.
