3192 5126
761 354 798 367 -
841 317 911 406 ‚ass
963 353 999 363 -

297 475 393 538 buch'
408 497 437 559 p.
455 475 518 541 185
526 473 559 561 ¹).
595 475 698 552 Quam
718 475 884 540 derivandi
898 475 1058 539 rationem
1077 477 1114 538 ut
1128 476 1361 559 amplectamur
1380 479 1443 560 sig·

295 582 440 646 nificatio
458 583 553 648 nobis
578 584 705 661 suadet,
728 581 900 666 persuadet
920 587 1028 646 autem
1045 602 1201 647 scoruscus
1218 581 1338 668 forma,
1362 606 1443 668 quae

296 689 425 773 linguae
456 691 598 775 vulgaris
629 691 761 775 propria
796 690 900 754 tribus
932 690 1128 754 testimoniis
1162 690 1294 774 probari
1325 694 1443 774 potest.

295 794 406 860 Habes
436 797 522 861 enim
549 798 582 860 iu
607 796 765 881 Stephani
793 796 964 881 ‘excerptis
993 820 1031 861 ex
1139 798 1302 863 veteribus
1330 798 1443 862 lexicis

296 903 536 986 graecolatinis'
551 926 582 987 p.
593 904 671 968 237:
690 905 890 986 scoruscutio:
909 903 1064 983 ἀετρατὲή,
1085 926 1181 988 quam
1196 905 1388 987 scripturam
1402 926 1444 968 ne

297 1031 337 1072 ex
361 1031 467 1074 errore
490 1013 602 1074 natam
623 1010 789 1093 putaveris
812 1010 928 1075 harum
949 1011 1133 1095 glossarum
1152 1010 1295 1076 codicem
1308 1010 1443 1075 Leiden-

296 1138 365 1180 sem
392 1139 518 1202 quoque
545 1117 673 1182 sillam
705 1139 850 1182 servasse
881 1140 1007 1184 moneo.
1052 1117 1227 1182 Praeterea
1257 1139 1338 1201 quos
1368 1118 1444 1182 novi

295 1222 402 1286 fontes
421 1223 451 1286 ei
470 1224 576 1288 miuus
596 1224 694 1288 etiam
713 1224 803 1288 dubii
823 1229 910 1289 sunt:
933 1225 1031 1289 codex
1046 1222 1324 1308 Cantabrigiensis
1338 1224 1443 1289 Lucae

295 1327 406 1413 XVII,
430 1330 473 1394 24
506 1327 608 1394 ‘sicut
638 1352 855 1415 scoruscus,
887 1332 942 1416 qui
970 1335 1170 1396 scoruseat
1203 1332 1303 1395 desub
1335 1331 1443 1395 eaelu'

297 1439 330 1500 et
348 1435 448 1500 Probi
471 1459 552 1521 quae
577 1442 711 1503 vocatur
734 1439 894 1522 appendix
917 1462 947 1523 p.
969 1440 1041 1523 198,
1058 1440 1101 1504 32
1126 1440 1172 1503 ed.
1192 1438 1288 1503 Keil:
1312 1440 1445 1504 coriscus

294 1563 355 1607 riou
379 1546 577 1629 courteous,
601 1546 658 1610 ubi
677 1547 808 1611 corisus
827 1549 859 1610 et
876 1548 1024 1612 scoriscus
1045 1547 1170 1612 formae
1189 1548 1202 1611 i
1221 1547 1366 1611 vocalem
1390 1567 1443 1608 ex·

295 1648 445 1714 hibentes
476 1652 556 1715 item
585 1653 735 1736 vulgares
768 1656 858 1717 sunt:
892 1653 930 1718 cf.
954 1653 1024 1717 cod.
1047 1651 1199 1718 Vaticani
1223 1654 1307 1717 3321
1336 1651 1444 1715 127ῐ

295 1757 441 1840 glossam
473 1759 623 1824 coriscue:
653 1761 771 1842 crispae
797 1765 855 1824 out
879 1760 1108 1843 resplendentes.
1155 1759 1246 1837 Quod
1271 1762 1378 1822 autem
1402 1757 1443 1821 ad

294 1863 525 1930 formationem
563 1866 682 1929 attinet
719 1888 791 1929 cum
827 1885 1005 1931 curus-cus
1043 1888 1197 1949 compara
1232 1879 1443 1947 orep-uscue,

294 1970 496 2055 Idy-uscue,
519 1972 717 2056 Fotis-cu-33
744 1993 848 2056 neque
871 1995 1003 2056 prorsus
1031 1971 1108 2036 hiuc
1131 1973 1239 2037 aliena
1260 1975 1442 2047 ret-ustus

293 2083 486 2157 ocu-us-tu-s,
509 2077 692 2144 boues-tus
715 2078 884 2144 adiectiva.

725 2200 1009 2267 PROPTERVOS

384 2311 568 2394 Propteruos
586 2311 725 2375 formam
745 2332 761 2374 e
774 2316 970 2393 propeteruos
988 2313 1189 2376 contractam
1208 2310 1286 2373 duce
1300 2307 1442 2392 Bergkio

296 2417 453 2498 Actorum
481 2439 545 2482 soe.
575 2417 686 2500 philol.
715 2416 872 2501 Lipsiens.
895 2419 918 2480 t.
937 2415 971 2480 II
993 2439 1024 2500 p.
1043 2416 1107 2480 468
1119 2438 1165 2500 sq.
1199 2414 1442 2499 vindicavimus,

296 2524 416 2608 glossis
439 2525 638 2610 bilinguibus
663 2526 752 2589 velut
774 2524 877 2588 hisce:
915 2521 1107 2588 ‘Philoxeni'
1130 2544 1160 2605 p.
1187 2522 1300 2600 175,1
1324 2527 1443 2604 proter-

295 2630 393 2695 bitus:
417 2634 607 2716 προπέτε1α;
630 2654 661 2715 p.
683 2631 755 2714 175,
770 2631 790 2695 3
808 2630 992 2713 protcrbus:
1016 2631 1190 2709 προπετήε,
1215 2629 1343 2714 θρα(ύε;
1367 2626 1441 2712 ‘Oy-

294 2734 374 2800 rilli'
392 2760 423 2821 p.
438 2737 512 2820 593,
528 2739 546 2803 8
570 2739 767 2816 προπέτειατ
787 2738 944 2818 protervia
967 2787 974 2801 .
993 2786 1000 2800 .
1017 2735 1203 2818 protuoitus
1221 2782 1229 2797 .
1248 2757 1274 2816 .;
1299 2732 1442 2797 eiusdem

295 2866 326 2927 p.
345 2843 424 2927 593,
446 2845 485 2908 11
510 2846 692 2923 προπετήετ
718 2892 747 2909 ..
764 2848 927 2926 proteruus
951 2892 980 2906 ..
1004 2845 1091 2907 viam
1114 2840 1381 2905 monstrantibus.
1406 2837 1409 2846 ¹

755 2965 978 3034 CLANDIRE

384 3074 531 3140 Permira
548 3076 782 3161 glossariorum
800 3096 888 3139 mere
907 3074 1086 3139 latinorum
1105 3073 1263 3138 memoria
1277 3073 1319 3137 ad
1336 3073 1441 3137 claud-

297 3182 453 3266 radicem,
475 3183 560 3247 uude
576 3183 722 3248 derivata
739 3182 841 3246 habes
856 3183 1010 3265 cloud-us,
1029 3176 1260 3265 cloud-usust),
1282 3181 1442 3259 claudere,

370 3375 389 3443 ¹)
408 3375 514 3430 Eodem
529 3375 674 3430 videnum
689 3377 823 3443 κεραυνός
836 3375 983 3444 pertineat.
1016 3373 1188 3444 Significatio
1202 3389 1315 3442 prorsus
1329 3374 1439 3442 eadem;

296 3481 362 3518 nam
376 3467 488 3533 practer
503 3467 651 3533 poetarum
669 3465 744 3519 locos
763 3463 900 3533 (‘flamma
913 3464 988 3519 iuter
1001 3465 1088 3518 nubes
1108 3463 1314 3530 coruscans';
1338 3461 1442 3532 ‘Iuppi-

294 3555 339 3608 ter
363 3553 422 3607 alta
445 3569 509 3607 arce
532 3553 716 3620 coruscat’;
741 3553 813 3622 sim.)
840 3568 896 3606 non
918 3553 1107 3622 neglegendus
1130 3554 1173 3606 est
1199 3551 1362 3620 posterioris
1389 3552 1441 3605 lin-

293 3660 367 3714 guae
380 3661 454 3711 usus,
473 3660 507 3697 ex
525 3660 579 3711 quo
599 3644 750 3697 coruscatio
770 3643 799 3696 ct
817 3658 958 3696 coruscum
975 3641 1051 3696 idem
1065 3643 1130 3695 sunt
1146 3640 1221 3709 quod
1240 3642 1385 3708 uepuuvdc:
1405 3640 1440 3693 cf.

294 3732 403 3801 glossas
435 3734 647 3787 coruscatio=
675 3734 789 3787 uibruus
815 3733 913 3798 biems,
940 3733 1080 3799 fulminat
1110 3730 1360 3784 coruscationes
1386 3731 1442 3783 siue

293 3823 431 3890 tonitrua,
460 3821 679 3888 ἀετραποειδήεε
704 3837 843 3886 coruscus;
873 3819 1037 3892 Gregorium
1065 3819 1167 3874 Turon.
1191 3818 1316 3872 Miracul.
1340 3818 1378 3886 II,
1393 3825 1441 3872 27:

296 3898 435 3979 ‘permisit
453 3926 535 3978 super
554 3911 711 3979 sepulcrum
730 3909 882 3978 praeterire
901 3925 1092 3976 coruscum,
1112 3924 1146 3961 ne
1161 3907 1240 3961 fieret
1253 3905 1442 3961 multitudiuis

293 3999 381 4054 totius
399 3998 551 4066 interitus’;
571 3997 705 4054 Venantii
723 3997 871 4052 Fortunati
890 3997 982 4050 locum
999 3996 1029 4048 iu
1047 3994 1143 4049 lexicis
1162 3994 1339 4064 exscriptum.
1372 3993 1443 4049 Cum

295 4089 452 4155 rep-euve<
470 4087 546 4142 vocis
565 4087 670 4141 suffixis
694 4085 728 4140 cf.
748 4087 882 4153 καε-αύρα
900 4086 1031 4151 roc-dlis]
1051 4085 1158 4138 ude-cu:
1178 4084 1312 4150 κεραυνός
1330 4099 1364 4136 ex
1382 4099 1443 4150 κερ-

296 4180 398 4244 αν-Γοε,
417 4179 449 4231 ut
467 4179 589 4244 uocudpo
608 4193 642 4230 ex
660 4177 812 4243 καε-αρ-Ἑα,

368 4266 388 4334 ²)
408 4265 570 4320 Oluurtuster
588 4265 756 4319 vocabulum
775 4281 838 4319 cum
857 4263 933 4333 apud
946 4263 1088 4317 Klotzium
1104 4261 1248 4317 ‘Glossat'
1268 4262 1336 4314 uota
1354 4259 1441 4330 insig-

294 4355 384 4408 nitum
397 4354 522 4424 videam,
541 4373 634 4409 meum
649 4370 708 4408 esse
728 4354 798 4408 duco
812 4353 904 4407 fontes
918 4351 1050 4408 iudicare.
1078 4351 1225 4420 Nusquam
1243 4351 1339 4404 autem
1353 4349 1440 4404 tradi-

295 4444 356 4496 tum
369 4443 480 4511 repperi
498 4443 552 4498 nisi
569 4443 599 4497 in
618 4441 754 4512 singulari
772 4441 822 4495 illo
842 4439 985 4495 nominum
1007 4439 1156 4510 glossario,
1180 4455 1298 4508 quocum
1318 4441 1350 4492 ut
1368 4440 1442 4494 solet
