3192 5126
602 338 755 402 -387
806 373 843 382 -

594 495 856 563 COGNOMINA

243 603 332 667 Inter
350 603 473 686 priscae
492 603 668 668 latinitatis
687 605 795 668 fontes
814 605 899 669 hand
920 603 1101 688 spernenda
1118 610 1193 669 sunt
1212 626 1299 689 eog-

153 711 318 776 nomina.
365 709 454 784 Quae
483 709 570 773 enim
599 711 675 774 olim
705 712 926 794 imposuerant
954 713 1133 776 nominaa
1155 712 1299 795 eorporis

154 819 258 902 vitiis,
289 841 308 880 a
335 816 467 900 negotio
495 839 558 898 quo
589 818 659 900 quis
692 819 813 882 vietum
847 817 1069 900 conquirebat,
1103 841 1123 882 a
1144 819 1300 882 nascendi

154 926 252 988 variis
271 923 548 1011 vicissitudinibus
556 921 580 1008 ¹)
601 923 759 1008 derivata,
779 947 817 988 ea
831 947 904 988 eum
918 946 983 987 non
998 929 1126 1002 mutata
1139 945 1299 1008 propaga-

114 1054 116 1059 ·
154 1034 227 1094 rent
258 1030 412 1112 Romani,
439 1029 595 1093 tralaticii
622 1045 703 1094 usus
727 1031 939 1114 tenacissimi,
972 1036 1099 1096 servata
1131 1035 1207 1096 sunt
1237 1032 1300 1095 hoc

154 1137 249 1200 modo
274 1158 355 1220 quae
380 1159 395 1199 e
418 1137 582 1199 communi
606 1159 752 1201 sermone
776 1137 895 1201 dudum
920 1141 1118 1202 evanuerant
1142 1138 1300 1202 vocabula

152 1243 240 1307 haud
267 1265 378 1326 pauca.
423 1242 518 1307 Unde
546 1266 612 1307 non
641 1244 759 1307 mirum
786 1244 872 1328 quod
901 1245 1106 1329 grammatici
1136 1269 1186 1329 ea,
1219 1267 1299 1328 quae

154 1350 298 1434 quotidie
323 1349 536 1413 audiebantur
560 1355 656 1434 atque
681 1355 737 1415 aut
759 1373 873 1433 parum
894 1355 951 1415 aut
970 1353 1100 1415 omnino
1120 1374 1186 1416 non
1206 1351 1299 1428 intel-

152 1458 356 1541 legebantur,
394 1456 546 1539 colligere
579 1461 611 1520 et
644 1458 804 1540 explicare
838 1481 932 1522 suum
964 1462 1168 1542 putaverunt.
1211 1459 1299 1542 Quae

152 1563 281 1647 quidem
313 1561 420 1625 studia
452 1563 554 1627 multo
588 1564 692 1647 magis
725 1565 818 1629 nobis
851 1569 929 1630 nota
963 1569 1084 1648 essent,
1120 1567 1148 1628 si
1183 1564 1298 1628 incerti

152 1669 320 1752 scriptoris
345 1666 394 1731 ‘de
422 1669 686 1751 praenominibus
712 1670 751 1733 de
777 1671 962 1736 nominibus
987 1671 1025 1735 de
1050 1651 1297 1761 cognominibus

151 1776 190 1838 de
219 1773 448 1858 agnominibus
479 1775 517 1838 de
546 1777 817 1859 appellationibus
847 1777 884 1840 de
912 1775 1032 1841 verbis'
1061 1777 1145 1840 liber
1172 1779 1298 1860 integer

153 1885 307 1945 exstaret..
347 1879 393 1942 At
416 1902 502 1944 nunc
523 1904 589 1945 non
617 1884 721 1946 solum
749 1884 818 1966 ipse
845 1883 899 1947 hic
926 1884 1010 1947 liber
1037 1883 1214 1966 intercidit,
1243 1884 1298 1948 sed

154 1989 252 2051 etiam
276 1988 420 2070 epitoma
444 1987 587 2051 eiusdem
610 1989 651 2052 ab
671 1988 755 2052 Iulio
775 1988 890 2052 Paride
913 1989 1060 2053 confecta
1078 1994 1208 2072 praeter
1228 2012 1298 2052 eam

152 2098 293 2178 partem,
321 2115 403 2177 quae
431 2094 471 2156 ad
498 2096 709 2178 praenomina
734 2100 867 2178 spectat.
915 2093 1101 2179 Supplenda
1125 2100 1175 2159 est
1198 2096 1299 2160 seien-

152 2201 218 2264 tiae
241 2204 373 2264 nostrae
396 2201 513 2264 lacuna
536 2225 574 2266 ex
598 2204 644 2267 eis
669 2201 875 2287 quae'Varro
899 2199 953 2288 (ad
972 2213 1066 2286 quem
1087 2201 1213 2267 Paridis
1233 2203 1298 2286 epi-

151 2311 241 2372 toma
266 2307 374 2390 aliqua
398 2329 436 2370 ex
459 2313 551 2391 parte
570 2307 676 2396 redit),
695 2308 821 2392 Festus,
844 2309 971 2374 Nonius
995 2308 1048 2392 (ef.
1071 2332 1100 2392 p.
1121 2309 1195 2394 556,
1210 2311 1297 2373 26-

152 2414 226 2498 557,
246 2412 295 2499 3),
318 2412 457 2496 Plinius,
481 2413 698 2488 Quintilianus
722 2413 808 2498 (vide
831 2414 860 2498 1,
880 2415 909 2496 5,
928 2413 1000 2500 25),
1030 2413 1214 2499 Porphyrio
1244 2414 1299 2502 (ad

151 2521 325 2585 Horatium
354 2541 446 2583 serm.
474 2521 505 2604 I,
528 2522 562 2599 3,
581 2523 623 2586 47
636 2521 710 2606 sq.),
743 2520 885 2585 Isidorus
910 2520 1114 2604 ‘Originum’
1142 2522 1196 2586 hic
1229 2524 1298 2587 illie

152 2628 290 2710 sparsim
313 2625 496 2710 proferunt,
519 2628 681 2711 imprimis
701 2631 809 2690 autem
829 2650 867 2691 ex
886 2628 1054 2710 glossariis
1060 2677 1069 2710 ,
1095 2651 1176 2713 quae
1201 2652 1297 2713 quam

151 2735 278 2816 largam
306 2733 515 2816 doctrinaque
545 2734 752 2816 conspicuam
781 2735 962 2818 glossarum
991 2735 1054 2799 huc
1082 2737 1296 2818 spectantium

153 2840 280 2922 copiam
304 2838 478 2902 exhibeant
500 2861 585 2904 nune
608 2840 797 2904 videbimus.
844 2838 993 2904 Ceterum
1018 2845 1068 2905 est
1092 2865 1148 2905 cur
1170 2865 1298 2907 monea-

152 2969 223 3009 mus
258 2968 323 3009 ncn
351 2966 425 3008 raro
458 2966 569 3009 veram
602 2967 717 3010 vocum
751 2947 909 3031 originem
937 2925 1040 3011 videri
1066 2970 1107 3011 ne
1135 2950 1299 3014 veteribus

153 3052 284 3135 quidem
307 3055 418 3116 notam
441 3049 555 3134 fuisse,
578 3056 614 3114 ut
636 3052 686 3115 illi
710 3074 783 3115 cum
807 3053 1007 3136 saepiuscule
1032 3054 1131 3133 ἔτυμα
1155 3056 1196 3119 ab
1220 3057 1298 3139 ipsis

154 3159 338 3242 excogitata
370 3158 478 3241 potius
511 3179 608 3240 quam
641 3159 831 3222 memoriam
864 3164 985 3223 certam
1018 3160 1298 3247 indubitatamque

152 3266 303 3349 prodant,
326 3288 391 3329 non
415 3266 484 3328 sine
508 3265 634 3328 cautela
657 3266 808 3349 sequendi
833 3267 908 3330 sint.

245 3377 270 3438 1.
299 3372 378 3435 Tres
403 3373 531 3455 glossae
555 3372 595 3435 ad
613 3370 807 3458 1111111112)
830 3395 1011 3458 cognomen
1034 3353 1196 3459 spectant,
1221 3399 1299 3460 qua·

153 3503 225 3543 rum
253 3481 389 3564 singulis
417 3484 545 3543 tantum
573 3480 653 3544 locis
681 3480 821 3545 traditae
850 3482 944 3546 duae:
968 3483 1149 3562 plancus:
1171 3484 1299 3564 plantus

154 3588 234 3651 lutus
255 3587 368 3650 babeas
391 3584 471 3668 (non
495 3589 623 3650 servata
649 3587 713 3649 nisi
739 3587 774 3649 in
800 3587 868 3651 cod.
889 3585 1037 3650 Leidensi
1057 3587 1134 3651 67E
1159 3587 1300 3673 14711)

154 3696 188 3755 et
204 3693 383 3773 plancus:
408 3693 594 3756 ulurtrrouc
612 3687 795 3776 (Philoxeni
810 3716 840 3776 p.
858 3693 930 3775 162,
946 3693 1012 3776 35).
1046 3693 1180 3757 Doctior
1199 3695 1297 3758 etiam

153 3799 263 3881 tertia,
291 3819 373 3881 quae
401 3801 551 3862 truncata
574 3801 681 3860 exstat
704 3798 738 3861 in
762 3799 829 3863 eod.
854 3796 1061 3890 Sangallensi
1084 3799 1148 3862 912
1172 3824 1203 3883 p.
1226 3802 1296 3865 202

155 3904 223 3969 cod.
247 3903 411 3968 Vossiano
434 3903 503 3968 Fol.
528 3903 586 3984 823
624 3902 784 3986 glossario
809 3900 994 3969 Salomonis
1022 3905 1044 3970 f.
1071 3907 1181 3970 162'b
1209 3909 1300 3972 talis:

229 4097 248 4166 ¹)
263 4096 369 4150 Horum
383 4112 438 4150 non
452 4095 530 4149 nulla
540 4095 608 4149 olim
621 4096 803 4166 praenomina
817 4097 935 4165 fuerant,
950 4097 1041 4166 quode
1056 4097 1119 4152 vide
1135 4059 1299 4168 scriptorem

156 4187 202 4240 ‘de
221 4183 457 4255 praenominibus'
478 4203 504 4253 p.
524 4189 577 4238 484
597 4185 638 4238 ed.
658 4186 751 4242 Halm.
778 4187 806 4240 et
824 4187 1028 4241 Mommsenum
1054 4187 1215 4243 ‘Rdmisehe
1233 4190 1299 4244 For-

155 4275 307 4344 schungen'
329 4275 341 4326 I
359 4292 385 4344 p.
402 4280 443 4328 21.

228 4364 248 4432 2)
267 4364 310 4417 Ad
329 4363 445 4417 eandem
464 4380 553 4432 paene
573 4363 779 4419 deformitatem
798 4365 916 4419 redeunt
928 4365 1108 4433 Plancorum,
1128 4367 1300 4437 Plautorurn,

154 4454 297 4508 Pedonum
312 4453 491 4522 cognomina;
507 4454 678 4521 proferemus
693 4453 766 4508 enirn
781 4455 853 4508 infra
862 4456 951 4524 pedo:
966 4456 1119 4524 plancas,
1133 4459 1299 4511 ulurdnouc.
1335 4529 1338 4534 Ι
1365 4435 1371 4448 ’

1034 4543 1087 4598 25*
