3216 5126
700 325 1010 389 -164-’

248 485 439 569 glossulam,
454 505 550 566 quam
564 482 748 548 Fridericus
764 483 873 548 Osann
888 484 922 547 in
939 482 1044 546 indice
1058 482 1234 547 lectionum
1250 481 1398 547 Gissensi
1431 466 1433 470 ¹

248 615 276 656 a.
300 591 385 656 1826
408 589 559 674 protulit:
584 590 778 672 amplastra:
801 593 983 654 mnomcato
1004 590 1054 653 ool
1076 595 1271 654 armamento
1292 589 1396 653 noscis.

247 696 376 761 Hausta
412 700 463 760 est
500 719 516 760 e
550 696 721 782 ‘glossario
755 697 888 781 antiquo
925 696 959 760 in
991 694 1162 759 Hafniensi
1197 695 1398 760 bibliotheca

247 806 377 888 servato
414 806 446 867 et
483 826 555 868 oum
587 804 645 868 illo
685 804 727 868 ab
760 801 842 867 Olao
876 801 1030 885 Blochio,
1064 801 1133 866 viro
1170 800 1398 886 eruditissimo,

248 909 508 976 communicato'.

294 1002 296 1008 ¹
339 1017 388 1081 10.
407 1015 532 1100 Oaspar
544 1016 699 1081 Barthius
714 1015 748 1080 in
758 1014 963 1080 Adversariis
979 1013 1398 1099 commentariisXXXVII,

220 1115 224 1122 ’
248 1122 268 1187 5
288 1124 525 1207 glossarium
539 1121 813 1207 Vergilianum
832 1120 1048 1205 ‘nequaquam
1063 1119 1243 1186 i'ndootum'
1263 1119 1314 1207 (ut
1327 1120 1397 1185 Rit-

248 1229 389 1293 sohelius
414 1230 462 1293 alt
485 1250 592 1312 opusc.
615 1227 649 1292 ΙΙ
672 1251 702 1312 p.
722 1226 802 1312 233)
827 1228 944 1312 edidit,
966 1251 1028 1312 quo
1052 1230 1181 1311 praeter
1204 1226 1397 1312 Vergiliana

147 1342 176 1396 s*
246 1357 314 1404 non
331 1358 435 1419 pauca
454 1336 558 1400 multa
573 1334 780 1399 continentur
795 1357 833 1398 ex
848 1335 923 1399 aliis
938 1335 1151 1417 scriptoribus
1165 1334 1277 1417 petita.
1307 1333 1397 1398 Idem

248 1442 444 1526 glossarium
468 1441 670 1508 emendatius
694 1444 727 1504 et
754 1464 820 1506 non
842 1441 1075 1526 interpolatum
1099 1443 1206 1504 exstat
1229 1441 1264 1505 in
1289 1441 1398 1506 codIoe

248 1547 442 1614 Vaticano
458 1549 546 1613 2730
565 1548 666 1612 chart.
686 1570 710 1612 s.
724 1545 786 1611 XV
805 1547 881 1611 inde
901 1571 920 1611 a
938 1546 960 1610 f.
974 1547 1035 1610 41Ι
1054 1544 1213 1632 (obturare
1231 1547 1398 1630 atropolar

248 1655 446 1720 abhominori
468 1655 574 1740 prima
597 1655 752 1718 lemmata
775 1652 865 1739 sunt)
889 1675 990 1738 usque
1009 1654 1050 1717 ad
1067 1653 1089 1718 f.
1106 1655 1186 1719 102ἲ
1209 1653 1306 1738 (mola
1323 1655 1397 1719 mol-

249 1761 289 1826 o's
307 1765 451 1826 extrema
465 1758 635 1846 lemmata)
655 1761 833 1844 pertinens,
857 1760 960 1843 quode
975 1759 1162 1825 Theodorus
1177 1761 1397 1826 Mommsenus

249 1868 401 1932 disseruit
424 1869 459 1932 in
476 1868 616 1932 Hermae
635 1872 659 1931 t.
673 1865 754 1931 VIII
777 1865 819 1953 (a.
837 1865 936 1952 1873)
956 1889 986 1949 p.
1001 1867 1043 1930 67
1056 1889 1138 1951 sqq.:
1162 1866 1397 1933 ‘lateinisches

250 1974 385 2040 Glossar
408 1975 463 2039 des
488 1972 565 2038 (lod.
588 1972 663 2038 Vat.
687 1972 795 2038 2730'.
842 1972 1040 2061 Bartbianae
1065 1973 1194 2057 glossae
1218 1973 1259 2038 ad
1286 1995 1396 2041 omnes

188 2123 191 2132 ι
250 2081 416 2164 alphabeti
435 2081 562 2145 litteras
578 2079 783 2164 spectabant,
801 2079 835 2143 in
849 2078 1011 2143 Vaticano
1025 2101 1123 2143 o—m
1136 2083 1265 2144 tantum
1279 2080 1397 2144 insunt.

249 2187 396 2251 Tertium
426 2186 570 2251 codicem
600 2187 635 2249 in
665 2185 865 2251 bibliotheca
895 2183 1131 2250 Mediolanensi
1161 2186 1289 2270 repperi
1320 2187 1397 2251 Am-

121 2361 124 2367 ,
249 2295 438 2359 brosianum
460 2275 536 2358 'Da
562 2315 634 2382 sup.
663 2293 898 2376 bombyoiuum
931 2313 1015 2357 saco.
1036 2292 1098 2357 XV
1131 2293 1300 2392 scriptum,
1334 2316 1397 2378 quo

250 2405 417 2484 praetcrea
442 2399 628 2464 ‘Bonaeurii
648 2400 687 2464 de
706 2421 782 2464 vera
801 2399 967 2483 voluptate
987 2398 1147 2484 dialogus'
1172 2403 1205 2462 et
1227 2398 1398 2465 ‘vocabula

251 2506 387 2571 Guarini
411 2508 556 2570 extracta
579 2530 598 2571 a
623 2503 748 2571 Seruio'
773 2507 988 2571 continentur.
1025 2505 1117 2570 Libri
1140 2505 1299 2572 hodierna
1323 2495 1397 2571 con-

250 2614 333 2679 dicio
353 2618 422 2678 tam
441 2613 561 2678 misera
580 2617 643 2698 est,
667 2617 704 2677 ut
723 2613 792 2678 sine
812 2614 944 2678 chartae
964 2611 1159 2677 detrimento
1179 2613 1311 2677 omnino
1330 2613 1397 2696 legi

249 2725 399 2807 nequeat.
445 2720 507 2797 Qui
537 2721 670 2805 collegit
697 2721 748 2785 vir
772 2743 839 2784 non
861 2721 1010 2785 indoctus
1034 2719 1119 2783 Livii
1141 2720 1247 2824 pr'ffla
1270 2719 1397 2802 decade,

251 2825 416 2894 Ciceronis
448 2827 650 2904 erationibus
681 2830 714 2891 et
741 2827 781 2892 ad
812 2824 991 2892 familiares
1022 2826 1184 2910 epistulis,
1216 2825 1395 2890 Pliniorum

250 2934 391 3000 naturali
414 2933 552 2998 historia
571 2935 604 2997 et
627 2934 788 3017 epistulis,
807 2932 940 2999 Valerio
959 2932 1116 3016 Maximo,
1136 2931 1303 3016 Suetoni0,
1322 2931 1397 2996 Gel-

250 3042 319 3125 lio,.
332 3041 486 3125 Apuleio,
513 3037 638 3124 Nonio,
665 3039 847 3123 Prisciano,
876 3037 988 3103 Servio
1016 3040 1049 3101 ct
1074 3035 1281 3120 Philargyrio
1306 3038 1397 3103 scho-

168 3217 181 3224 ,
251 3149 357 3212 liastis
381 3169 459 3212 usus
484 3148 542 3210 est.
587 3145 663 3211 Non
685 3147 782 3211 nimis
806 3149 970 3211 vetustum
995 3165 1064 3208 esse
1088 3143 1282 3228 glossarium
1305 3149 1397 3229 puta-

251 3255 362 3319 verim.

344 3363 393 3426 11.
416 3358 492 3425 Non
511 3360 684 3424 dissimiles
709 3363 784 3424 sunt
808 3360 963 3445 glossae
987 3379 1067 3442 quae
1086 3363 1244 3423 uocantur
1264 3357 1397 3424 Petro·

251 3468 317 3532 nii.
362 3467 423 3532 Est
456 3470 564 3532 autem
597 3465 764 3532 ‘colluvies
793 3467 978 3552 glossarum
1005 3488 1022 3530 e
1051 3464 1148 3529 Gellii
1175 3466 1293 3531 Isidori
1320 3466 1397 3531 Hie-

252 3575 382 3657 ronymi
415 3573 706 3639 ecclesiasticorum
735 3575 930 3658 scriptorum
956 3572 1094 3637 lectione
1121 3571 1221 3656 nata',
1254 3595 1335 3657 quae
1363 3575 1395 3638 in

253 3679 465 3762 archetypum
483 3677 715 3745 Petronianum
740 3679 818 3744 olim
841 3683 971 3763 recepta
993 3678 1075 3742 nihil
1099 3699 1171 3742 oum
1194 3679 1267 3763 ipso
1286 3679 1397 3744 Petro·

252 3786 307 3850 nio
331 3807 500 3850 commune
522 3785 630 3850 habet.
663 3785 702 3852 V.
717 3785 950 3850 Buechelerum
973 3787 1008 3849 in
1026 3783 1176 3848 Petronii·
1193 3785 1397 3869 praefatione

252 3915 282 3976 p.
306 3891 377 3956 XII.
426 3891 622 3957 Excitantur
657 3893 808 3976 Plautus,
844 3891 1026 3976 Vergilius,
1062 3889 1238 3975 Martialis,
1275 3889 1397 3958 Cicero.

253 3997 371 4064 Editae
399 4000 474 4063 sunt
501 4000 630 4084 glossae
653 3999 866 4064 Petronianae
895 4021 914 4062 a
940 3987 1058 4064 Carolo
1082 3996 1170 4060 Beck
1193 3994 1398 4085 Cantabrigii

254 4102 453 4191 (Amerioae)
478 4128 505 4170 a.
527 4107 626 4189 1860,
650 4129 713 4190 quo
739 4106 777 4170 de
800 4105 911 4169 libello
936 4105 975 4169 cf.
1000 4103 1038 4168 A.
1052 4102 1340 4169 Reifferscheidum
1363 4107 1398 4170 in

253 4211 357 4276 Musei
380 4211 528 4277 Rhenani
555 4213 579 4274 t.
597 4209 676 4276 XVI
700 4210 742 4298 (a.
764 4210 863 4296 1861)
891 4234 921 4294 p.
943 4212 1052 4295 lsqq,
1080 4214 1113 4274 et
1140 4210 1259 4275 Iterum
1289 4235 1306 4274 e
1330 4213 1397 4279 cod.

253 4317 360 4382 Vatio.
379 4316 493 4382 Urbin.
507 4317 573 4382 452
596 4317 633 4423 in
649 4317 836 4401 Appendioe
860 4339 992 4401 operum
1015 4317 1220 4382 Maianorum
1240 4315 1281 4404 (a.
1299 4319 1398 4407 1871)

253 4446 284 4506 p.
304 4424 453 4488 (is—70.
