3232 5122
640 325 791 389 -257
842 362 879 370 -

187 482 287 563 glos:
312 483 413 561 broii
437 481 554 560 asopo<
578 481 717 563 ἀδελφή,
743 483 863 563 adluit,
892 471 980 562 παρὰ
1001 485 1143 568 Πλαύτῳ
1167 508 1197 568 p.
1219 485 1291 568 103,
1307 485 1336 548 2.
1420 543 1431 549 .

190 586 293 651 Paulo
321 587 406 652 inira
433 584 477 672 (p.
499 589 570 672 103,
586 585 620 674 6)
650 589 790 653 similem
814 611 884 654 6666
906 589 996 654 rides
1023 593 1225 656 memoriam:
1260 592 1337 674 [6166

192 693 313 758 lemma
335 694 533 774 intercidit]:
559 693 684 774 ἀδελφὴ
708 698 841 776 γαμετή,
865 695 909 760 ὡ(
923 699 1081 762 Πλαῦτοε.
1114 697 1143 761 ll
1168 689 1336 784 glossariis

190 822 277 864 mere
300 801 411 864 latinis
433 801 518 884 quod
541 800 605 865 huc
625 804 749 885 spectet
766 802 850 866 nihil
870 803 949 866 mihi
972 808 1103 887 praesto
1124 808 1182 868 est.
1215 801 1337 868 Contra

191 906 324 971 61161166
353 907 430 991 1661,
461 907 516 991 661
546 911 596 970 661
624 931 654 991 p.
680 909 735 991 11,
754 909 796 972 32
824 927 985 974 noceres:
1014 909 1102 989 ἀξίνη
1130 909 1336 989 ἱεροφάντου,

190 1013 234 1076 ὼε
249 1014 412 1092 Πλαῦτοε,
431 1035 590 1078 memores
609 1037 675 1079 non
693 1014 880 1079 dubitamus
898 1016 976 1099 quin
992 1017 1032 1080 ad
1052 1017 1187 1081 eundem
1205 1019 1335 1100 poetam

190 1117 375 1184 referendae
399 1120 465 1184 sint
487 1119 548 1184 hac
572 1120 699 1205 glossae
723 1121 963 1186 memorabiles:

256 1245 436 1308 cacerias:
460 1245 704 1329 666611666666
727 1246 869 1327 flamines
892 1247 1258 1330 6616661116661661661

279 1363 337 1417 Μ61
350 1365 390 1418 VI
408 1383 435 1434 p.
447 1365 535 1432 502b3
555 1365 615 1420 cod.
627 1365 781 1420 Vaticanus
800 1372 870 1420 3320
890 1365 1028 1421 Guilelmo
1048 1369 1143 1438 Meyer
1160 1371 1233 1422 teste
1253 1370 1335 1437 (6661-

278 1456 331 1522 66).
363 1454 511 1508 Habebunt
529 1470 579 1523 616
597 1454 743 1508 16166116
762 1454 851 1508 tribus
869 1454 993 1510 fontibus
1013 1459 1116 1512 exstat:
1137 1458 1167 1521 in
1186 1458 1246 1512 cod.
1267 1457 1339 1511 San·
1358 1507 1363 1514 .

280 1541 398 1612 gallensi
413 1549 464 1597 912
483 1562 509 1613 p.
526 1551 541 1598 9
562 1544 669 1612 (acerlc's
688 1586 694 1598 .
711 1584 716 1596 .
736 1545 860 1611 flamina·
876 1545 925 1598 sab
940 1547 1104 1616 pontificis);
1124 1546 1335 1602 6611666666

281 1629 343 1684 Oct.
361 1631 410 1684 24²
429 1633 548 1699 (6666166
566 1675 572 1686 .
590 1675 596 1686 .
613 1677 618 1688 .
638 1637 662 1686 61
680 1632 848 1700 pontifice-ch
877 1632 976 1702 glossis
993 1635 1205 1706 11661616661116
1224 1635 1337 1702 (casca

278 1736 299 1774 s.
315 1720 387 1788 qaod
404 1721 545 1789 (laminis).
573 1720 661 1774 Paulo
680 1720 763 1774 aliter
781 1724 944 1790 comparata
963 1725 1006 1776 661
1024 1723 1127 1777 codicis
1143 1724 1335 1778 Vindobonen-

280 1809 316 1862 sis
336 1813 406 1862 2404
424 1808 519 1878 glossa
537 1809 573 1862 ab
591 1809 760 1863 Endlichero
780 1809 867 1864 edita:
896 1812 1031 1866 acontias.
1051 1829 1101 1880 que
1119 1814 1268 1880 flamminia
1286 1817 1336 1866 661

279 1885 486 1966 magistratibus
496 1902 588 1966 616616
602 1903 675 1963 scat,
695 1897 743 1950 ubi
756 1899 850 1952 tamen
866 1917 966 1954 novam
982 1900 1017 1954 de
1031 1901 1246 1969 magistratuum
1259 1901 1335 1955 illius

279 1984 449 2038 6666116666
463 1985 627 2038 memoriam
641 1985 729 2040 latere
744 2002 812 2040 cave
826 2003 861 2040 ne
876 1987 1031 2056 suspiceris.
1052 1988 1146 2043 Verba
1160 1990 1234 2044 enim
1249 1991 1335 2058 61661-

278 2075 519 2142 611611166616616
537 2080 603 2129 6661
621 2075 657 2128 ad
675 2073 761 2128 aliam
779 2075 902 2144 glossam
921 2075 1066 2130 referenda
1084 2093 1143 2131 6666
1161 2077 1214 2132 hoc
1233 2078 1335 2132 codicis

279 2163 411 2217 Vaticani
430 2169 499 2218 3320
518 2163 674 2233 glossarum
691 2180 743 2232 par
761 2163 856 2218 docet:

350 2266 466 2306 6661666
486 2253 589 2308 securis
609 2270 693 2321 quam
711 2252 838 2307 flamines
857 2255 906 2306 aut
924 2254 1070 2322 pontifices
1088 2255 1193 2310 habent

350 2341 479 2396 accensis
508 2359 562 2410 que
590 2341 857 2411 magistratibus
883 2344 1000 2412 616616
1025 2345 1103 2398 6661
1126 2345 1175 2396 661
1198 2345 1336 2400 militibus

403 2431 510 2486 tributa

544 2524 725 2587 decertes:
746 2544 843 2606 66666
864 2524 979 2588 secaris

279 2627 339 2682 cod.
358 2627 500 2682 Leidensis
520 2627 597 2682 611η
615 2627 633 2682 f.
650 2633 733 2694 54103
754 2629 813 2682 cod.
829 2627 980 2682 Vossianus
998 2628 1058 2683 Fol.
1078 2633 1125 2695 823
1145 2630 1247 2700 Papias
1266 2634 1335 2701 (666-
1361 2643 1367 2654 ’

278 2718 355 2786 11666
374 2715 458 2786 gloss.
478 2715 600 2771 ‘Isidori’
621 2734 648 2785 p.
665 2722 773 2784 669,13
793 2717 921 2785 (naeres).

191 2826 295 2903 Quam
315 2826 356 2889 ‘in
387 2826 546 2911 glossario
575 2825 757 2892 Salomonis
787 2827 809 2891 f.
833 2828 904 2892 Pb
938 2827 1083 2912 glossam
1109 2829 1211 2894 habes
1240 2833 1335 2896 6616-

112 2969 114 2971 -
189 2935 264 3000 ris:
288 2934 401 3008 6666116
423 2954 505 3017 6166,
529 2955 566 2997 66
590 2933 673 2998 61661
697 2933 779 2997 61166
803 2956 869 2998 666
890 2933 999 2998 661166
1013 2957 1039 3016 ‘e
1063 2934 1164 3000 Paulo
1189 2937 1335 3003 derivata

190 3044 253 3106 est:
282 3039 479 3124 61.6.10,1
505 3038 676 3104 ρ66161161
701 3041 848 3104 6666116
873 3062 997 3126 66166,
1025 3043 1146 3124 66616
1169 3044 1334 3109 sacrificiis

189 3147 363 3212 utebantur
386 3146 589 3212 sacerdotes'.
635 3144 786 3211 Ceterum
808 3145 897 3211 Festi
923 3169 1049 3232 quoquc
1073 3149 1218 3233 glossam
1241 3150 1334 3215 Plau-

189 3255 293 3318 tinam
317 3275 386 3318 esse
410 3256 554 3337 apparet.
590 3253 639 3317 Dc
663 3254 812 3319 vocabuli
832 3254 917 3318 casei
939 3254 1045 3320 forma
1064 3256 1187 3342 ambigi
1210 3261 1334 3342 potest:

191 3361 246 3425 scd
278 3361 333 3444 qui
365 3361 478 3426 acceris
515 3383 575 3444 pro
612 3362 723 3426 6616616
758 3361 890 3445 16116616
926 3361 1045 3446 glossis
1082 3363 1216 3428 ducibus
1249 3365 1334 3448 apud

190 3469 327 3533 Paulum
350 3468 539 3551 eorrexerit,
563 3467 798 3547 adsentientem
821 3490 873 3532 me
896 3468 1040 3533 habebit.

278 3575 393 3639 Altera
413 3574 583 3639 Philoxeni
607 3575 717 3658 glossa
741 3575 834 3659 quasi
856 3575 1032 3640 transitum
1054 3576 1183 3659 paravit
1206 3577 1246 3642 ad
1269 3600 1334 3662 cas,

190 3704 270 3766 quas
307 3682 403 3745 661116
435 3680 545 3745 Plauti
581 3682 726 3746 versibus
763 3682 949 3764 tribuimus,
987 3703 1182 3765 quamquam
1218 3687 1333 3766 poetae

133 3807 141 3824 ·
190 3811 294 3873 66666
316 3808 435 3852 nomen
457 3809 560 3871 neque
584 3789 683 3853 verba
706 3788 816 3853 addita
841 3791 925 3852 6661.
970 3786 1037 3850 Eas
1059 3810 1145 3852 nunc
1168 3810 1333 3854 enumera·

189 3896 295 3960 bimus
329 3897 362 3958 61
393 3893 469 3977 quid
500 3893 541 3958 ad
572 3899 687 3978 poetae
715 3894 812 3973 κρίειν
841 3898 873 3958 61
900 3895 1044 3973 ἐξήγηειν
1073 3894 1148 3958 inde
1178 3894 1335 3959 redundet

189 4001 414 4066 indicabimus.
1258 3991 1260 3996 ⁵

234 4105 535 4190 Amphitruonis
558 4106 583 4190 Ι,
602 4108 631 4191 2,
646 4108 703 4172 28:

348 4214 394 4278 111
417 4212 617 4278 clandestina
640 4219 676 4280 61
700 4217 819 4280 celetur
841 4214 1075 4300 eonsue'tio¹)

264 4444 283 4512 ¹)
302 4443 347 4498 lta
366 4443 511 4513 Scioppius
530 4461 563 4497 ex
582 4444 692 4498 Donato
712 4445 748 4498 ad
768 4445 928 4499 Terentium
949 4445 999 4498 Ad.
1022 4451 1085 4499 666:
1114 4443 1179 4497 libri
1201 4445 1331 4513 66661616.

243 4545 337 4594 11666,
352 4544 378 4582 dc
393 4543 462 4590 gloss.
476 4544 516 4583 lat.
1088 4540 1118 4588 17
