3216 5126
681 281 897 344 ...37..

218 440 396 504 Bruscum:
420 418 576 504 materiae
600 460 701 524 genus
857 439 970 503 Buda:
995 443 1103 504 storea

218 549 340 612 Bruta:
365 547 484 611 stolida
858 546 992 610 Bullae:
1030 548 1221 610 ornamenta
1257 545 1414 628 regalium

218 655 358 719 Brutus:
384 655 506 737 gurdus
902 652 1099 716 camelorum

218 761 401 826 Bubinare:
428 760 585 844 sanguine
608 761 776 844 inquinare
858 761 1016 825 *Bulumt
1041 759 1204 822 bucolium
1228 759 1369 846 pastoris

262 867 407 932 mulieris
431 870 650 932 menstruatae
857 867 1005 951 Burgos:
1030 869 1137 930 castra

163 985 197 1034 85
220 973 354 1055 [Bubisz
380 974 494 1054 barba]
804 985 837 1033 95
857 975 982 1039 Bursa:
1007 974 1118 1038 cloaca
1164 971 1166 975 ’

218 1081 344 1145 Bucco:
369 1081 531 1164 garrulus,
551 1080 637 1165 quod
653 1083 775 1144 ceteros
857 1069 1053 1146 Bustantes:
1079 1079 1272 1162 sepelientes

263 1187 330 1252 oris
353 1188 564 1272 loquacitate,
591 1209 657 1252 non
680 1208 776 1250 sensu
840 1173 1045 1254 'Bustieecaz
1070 1187 1215 1268 sepulcra
1239 1187 1273 1250 in
1296 1207 1376 1270 agro

263 1297 433 1377 exsuperet
857 1294 1071 1360 Bustuarius:
1096 1292 1151 1376 qui
1175 1314 1312 1376 corpora
1331 1315 1416 1358 com-

218 1401 405 1466 Buccones:
429 1400 557 1484 rustici,
580 1399 674 1464 stulti
901 1400 992 1466 burit
1014 1399 1156 1463 humana

218 1508 361 1572 Buceta:
385 1529 506 1591 pascua
857 1507 999 1571 Butum:
1038 1507 1203 1591 inbutum3
1246 1506 1287 1570 ab
1325 1505 1415 1569 inbu-

218 1615 413 1694 Bucinaria:
437 1637 531 1680 voces
815 1628 817 1633 ’
902 1613 983 1676 endo
1293 1599 1297 1606 ⁴

131 1800 133 1804 ι
167 1733 200 1780 9ο
222 1721 371 1802 [Bucitaz
404 1743 535 1805 pascua,
567 1721 624 1784 ubi
654 1720 778 1784 cientur

262 1828 375 1908 boves]
674 1819 675 1824 ’

750 2079 824 2158 aa

589 2201 633 2253 Be
654 2199 789 2254 ‘abavus'
811 2198 983 2265 glossariis.

306 2325 463 2390 ‘Abavus’
491 2325 707 2410 glossarum¹)
741 2327 822 2390 duae
856 2329 985 2391 exstant
1013 2325 1202 2389 memoriae:
1234 2325 1364 2408 plenior

218 2421 334 2516 altera,
364 2433 468 2497 altera
496 2434 632 2498 brevior.
678 2432 741 2497 Illa
767 2434 865 2518 longe
891 2437 1037 2517 praestat
1059 2433 1128 2497 hac.
1175 2432 1363 2498 Breviorem

218 2575 256 2584 —-
282 2563 346 2604 non
370 2540 441 2605 dico
465 2541 647 2605 breviatam
673 2577 707 2586 -
736 2543 850 2627 utpote
873 2541 939 2605 iam
963 2540 1084 2603 dudum
1108 2539 1229 2603 editam
1255 2538 1362 2623 priore

217 2645 289 2710 loeo
313 2647 540 2712 describemus.
1420 2640 1422 2645 ¹

304 2752 341 2818 G.
364 2753 398 2817 F.
422 2752 664 2818 Hildebrandus
689 2753 867 2838 Gottingae
891 2776 918 2816 a.
940 2752 1025 2818 1854
1050 2751 1266 2818 ‘Glossarium
1288 2753 1361 2816 lati-

215 2881 293 2923 num
323 2859 540 2925 bibliothecae
569 2861 736 2926 Parisinae
765 2860 1029 2945 antiquissimum
1057 2881 1138 2924 saec.
1161 2859 1219 2924 IX'
1253 2861 1362 2944 edidit,

216 2967 304 3031 cuius
332 2965 409 3030 libri
439 2966 602 3049 specimen
624 2965 872 3050 'programmate
897 2989 924 3031 a.
951 2967 1035 3032 1848
1060 2967 1272 3031 Tremonensi
1295 2968 1361 3031 iam

215 3077 311 3137 antea
356 3073 575 3156 evulgaverat.
634 3073 783 3136 Edidisse
825 3077 933 3136 autern
980 3095 1014 3137 se
1062 3073 1123 3138 hoc
1166 3075 1361 3157 glossarium

215 3179 313 3262 praef.
341 3202 371 3263 p.
394 3179 425 3242 X
451 3183 564 3244 narrat
592 3201 629 3244 eo
661 3180 811 3262 consilio,
842 3184 878 3244 ut
905 3185 1104 3245 monstraret
1134 3179 1209 3265 ‘qua
1236 3180 1361 3244 ratione

214 3287 317 3350 latina
349 3286 509 3370 glossaria
542 3286 736 3370 colligenda,
769 3287 957 3370 redigenda,
990 3286 1201 3368 emendanda,
1239 3287 1361 3351 edenda

215 3393 283 3477 ipsc
301 3391 477 3457 censeret.''
505 3392 576 3468 Qua
595 3394 628 3456 in
651 3415 686 3456 re
704 3396 827 3457 rectam
851 3415 924 3457 eum
948 3393 1033 3458 viam
1057 3394 1169 3458 iniisse
1192 3391 1360 3480 negabitl)

222 3537 423 3546 —.-..-...---

288 3605 307 3672 ¹)
326 3603 388 3658 Non
408 3622 468 3656 sum
487 3603 595 3658 nescius
618 3603 699 3658 huius
718 3604 794 3658 modi
812 3604 926 3657 nomina
945 3603 1071 3674 aprima
1090 3605 1117 3656 A
1136 3605 1249 3658 litterae
1268 3605 1361 3674 glossa

213 3692 334 3762 repetita
361 3693 464 3746 hab'ere
491 3710 539 3746 cur
564 3709 619 3746 non
645 3693 822 3748 mediocriter
846 3692 1022 3762 displiceant.
1061 3692 1141 3758 Quod
1165 3710 1227 3746 cum
1251 3692 1292 3747 ita
1315 3693 1359 3764 sit,

214 3783 331 3836 duorum
353 3783 464 3836 tantum
487 3781 686 3851 glossariorum
710 3782 781 3836 talia
804 3781 917 3836 nomina
940 3780 1019 3848 finxi,
1044 3777 1117 3849 quae
1141 3781 1273 3850 quoniam
1296 3799 1359 3836 cum

213 3870 435 3940 frequentissime
450 3871 555 3925 tradita
569 3874 635 3925 sunt
652 3873 713 3925 tum
732 3887 865 3940 persaepe
880 3870 1182 3938 commemorabuntur,
1202 3870 1360 3924 nominibus

213 3977 266 4014 non
281 3959 418 4030 insignita
431 3977 553 4014 summas
568 3961 734 4028 praeberent
748 3959 898 4014 molestias.
928 3958 1072 4012 Meliorem
1087 3961 1181 4012 autem
1196 3959 1358 4028 appellandi

212 4048 350 4104 rationem
369 4047 424 4106 alii,
438 4065 518 4117 spero
537 4049 595 4102 fore
614 4050 646 4102 ut
664 4050 830 4117 proponant.

262 4137 306 4205 '²)
330 4136 477 4206 Discrepat
502 4155 519 4190 a
542 4139 637 4191 nostra
660 4137 693 4191 H.
719 4137 905 4192 Schuchardti
931 4137 1069 4191 sententia
1094 4137 1161 4190 ‘Der
1185 4135 1358 4190 Vocalismus

212 4228 260 4281 des
279 4226 499 4298 Vulg'airlateins’
520 4230 540 4280 t.
560 4227 572 4278 Ι
591 4245 617 4294 p.
633 4233 663 4280 4:
694 4225 757 4280 ‘Die
777 4227 944 4296 Benutnung
967 4226 1016 4282 der
1034 4226 1111 4280 alten
1130 4224 1287 4280 Glossarien
1307 4269 1313 4280 .
1331 4269 1358 4280 ..

211 4316 250 4370 ist
272 4318 392 4372 bosseret
415 4317 577 4384 erschwert‚
605 4315 699 4370 indem
722 4316 961 4371 mittelalterliche
985 4314 1043 4369 und
1066 4331 1136 4369 neue
1160 4314 1358 4384 Konjecturen-

212 4405 353 4461 schmiede
379 4405 424 4462 dic
447 4403 619 4460 Dunkelheit
642 4405 893 4484 alterthsrmlicher,
920 4404 1062 4478 gemeiner
1085 4405 1141 4462 und
1166 4405 1359 4466 barbarischer
