3216 5126
689 324 931 387 -124-

243 505 331 546 mum
355 486 404 548 cst
428 487 460 546 et
482 483 688 548 uberrimum.
739 483 855 547 Insunt
879 483 964 546 enim
988 481 1113 545 circiter
1137 479 1224 544 4980
1248 480 1384 564 glossae.

242 588 396 672 Propriae
420 592 528 653 autem
551 590 620 654 eius
645 591 780 655 virtutes
804 590 883 654 haec
907 592 1003 668 sunt;‚

334 693 367 782 1)
391 696 510 759 multas
533 697 675 779 optimae
702 701 799 762 notae
827 699 953 782 glossas
976 696 1107 760 exhibet
1123 660 1207 758 {lbi
1230 716 1297 758 non
1320 696 1385 756 tra-

243 803 341 866 ditas:
366 825 463 866 unam
486 802 588 866 habes
612 825 709 886 supra
731 827 761 886 p.
778 802 846 867 15b
869 802 1078 886 exscriptam,
1101 801 1182 865 alias
1204 801 1291 864 infra
1313 821 1385 882 pro-

241 907 395 992 feremus,

333 1011 367 1099 2)
392 1036 458 1079 non
480 1037 599 1098 paucas
621 1015 766 1102 integras
790 1016 946 1099 servavit,
969 1037 1049 1099 quae
1073 1015 1107 1078 in
1130 1014 1263 1098 reliquis
1283 1013 1386 1076 omni·

241 1122 302 1185 bus
336 1121 504 1205 glossariis
536 1120 639 1185 adhuc
671 1121 751 1185 mihi
779 1123 867 1187 notis
895 1125 1064 1187 truncatae
1093 1124 1178 1186 sunt.
1225 1118 1273 1183 Of.
1298 1121 1384 1185 illam

243 1228 332 1292 cuius
355 1225 474 1291 lemma
496 1230 546 1291 est
568 1249 722 1291 aurorane
750 1231 783 1290 et
809 1228 927 1292 multas
951 1227 1046 1310 alias,
1078 1227 1193 1309 quibus
1216 1226 1251 1290 in
1279 1227 1386 1308 capite

242 1334 340 1397 tertio
364 1338 500 1397 utemur.
1188 1330 1194 1341 “

243 1439 429 1524 Singulares
458 1440 517 1503 has
550 1441 684 1504 virtutes
717 1440 790 1503 inde
824 1461 890 1502 non
920 1439 1027 1522 inepte
1060 1438 1221 1522 quispiam
1249 1437 1386 1520 explica-

241 1547 337 1630 verit,
366 1535 450 1630 quod
474 1569 491 1610 e
514 1546 682 1629 permultis
711 1546 819 1629 eisque
848 1547 900 1609 sat
927 1545 1064 1609 vetustis
1092 1543 1292 1630 glossariolis
1320 1546 1386 1607 tam

242 1653 336 1737 larga
360 1653 453 1737 copia
483 1652 619 1716 collecta
646 1673 715 1715 csse
744 1652 899 1716 videatur.
945 1653 1015 1727 (lua
1038 1673 1109 1717 cum
1134 1649 1285 1732 opinione
1309 1650 1386 1714 illud

242 1759 363 1842 optimc
404 1758 568 1842 congruit,
609 1758 695 1841 quod
729 1758 915 1841 frequenter
952 1759 1077 1841 glossas
1107 1757 1387 1821 contaminatione

243 1865 416 1947 ampliatas
440 1886 509 1927 esse
532 1868 632 1947 patet.
679 1864 761 1928 Aliis
786 1887 858 1928 cum
888 1864 1055 1949 glossariis
1079 1845 1318 1947 comparatione
1341 1863 1387 1927 in-

244 1971 360 2035 stituta
383 1971 423 2034 ad
447 1971 584 2034 eundem
607 1971 732 2035 fontem
756 1971 859 2034 redire
883 1971 1044 2035 videntur:

337 2074 369 2160 1)
393 2076 489 2158 primi
513 2075 724 2160 Amploniani
747 2077 856 2161 aliqua
879 2099 969 2160 pars:
993 2074 1032 2139 cf.
1056 2098 1166 2158 supra3

330 2179 365 2268 2)
391 2182 510 2246 codicis
541 2181 694 2247 Vossiani
731 2183 897 2247 cuiusdam
934 2181 1144 2266 glossarium,
1181 2184 1266 2266 quod
1302 2206 1387 2247 nunc

244 2288 470 2352 describemus.
565 2293 569 2301 '

332 2393 441 2458 Codex
465 2394 681 2460 Vossianus
712 2397 768 2461 lat.
792 2396 859 2460 Fol.
884 2397 926 2458 24
955 2396 1086 2460 membr.
1112 2394 1220 2459 ‘manu
1244 2393 1387 2478 antiqua'

244 2501 383 2584 scriptus
407 2499 460 2584 (cf.
476 2499 670 2586 Catalogum
693 2525 723 2585 p.
738 2500 875 2586 assa-b)
899 2505 1027 2585 praeter
1051 2502 1115 2565 alia
1138 2502 1241 2566 multa
1265 2501 1386 2584 glossa-

242 2607 325 2669 rium
349 2605 480 2670 exhibet
503 2606 577 2670 inde
605 2606 646 2670 ab
678 2605 937 2671 ‘anathematust
963 2607 1181 2690 abominatus,
1205 2609 1387 2670 exsecratus

243 2712 436 2776 anathema:
461 2716 518 2776 arrt
540 2715 707 2778 maranata
731 2713 776 2777 sic
801 2713 931 2796 quidam
955 2712 1077 2777 dicunt’
1101 2711 1260 2795 usquead
1286 2710 1387 2775 ‘zozo-

243 2820 341 2883 mim:
366 2821 549 2904 praeparati
572 2821 607 2883 in
630 2819 697 2884 acie
720 2820 770 2883 vel
793 2823 944 2902 quaeest
966 2819 1166 2903 haecaqnas
1212 2818 1386 2882 zozomim:

242 2925 321 2990 haec
337 2926 543 3010 cogitationis
558 2930 594 2990 ut
609 2924 717 3009 supra’
741 2926 914 3010 pertinens.
948 2925 1149 2990 Glossarium
1171 2925 1205 2989 in
1228 2925 1386 3008 principio

243 3032 361 3096 codicis
385 3033 528 3115 positum
556 3035 723 3114 (secuntur
745 3033 897 3098 Eucherii
921 3036 1062 3118 glossae,
1090 3031 1276 3116 Synonyma
1299 3030 1387 3096 Cice-

243 3138 345 3222 ronis,
373 3137 429 3223 al.)
458 3138 553 3202 initio
584 3139 770 3203 mutilatum
801 3162 871 3203 csse
901 3143 1043 3222 apparet.
1089 3139 1179 3204 Inest
1206 3139 1388 3223 glossarum

243 3244 383 3327 undique
407 3246 616 3309 collectarum
639 3267 741 3329 paene
764 3247 847 3311 mira
869 3247 971 3330 copia.
1012 3247 1191 3310 Burmanni
1213 3245 1248 3309 in
1272 3244 1389 3308 descri-

243 3350 349 3413 bendo
374 3350 505 3435 egregia
528 3351 684 3433 patientia
703 3374 804 3436 usque
824 3353 864 3416 ad
881 3352 1051 3418 clitteram
1070 3356 1197 3417 tantum
1216 3373 1388 3437 progressa

243 3459 305 3538 est,
328 3456 375 3519 ita
397 3459 521 3521 utnon
542 3457 649 3520 norim
673 3457 791 3524 codicis
814 3458 889 3525 inde
913 3483 931 3523 a
955 3460 1074 3543 glossis
1098 3458 1283 3523 ‘erectatioz
1307 3461 1387 3524 tuba

243 3561 466 3646 ergasterion:
481 3564 619 3626 tuberna
634 3583 655 3648 g
703 3568 832 3649 ergata:
852 3563 996 3647 operare'
1011 3564 1190 3631 materiam.
1228 3564 1290 3630 Sed
1306 3587 1387 3649 quae

243 3667 317 3732 inde
346 3668 476 3752 cognita
503 3668 608 3733 habeo
638 3671 718 3734 satis
748 3673 823 3734 sunt
852 3670 890 3733 ad
924 3670 1209 3735 demonstrandam
1237 3671 1387 3754 glossarii

182 3773 191 3792 '
244 3775 399 3840 uberrimi
423 3775 572 3842 indolem.
619 3776 737 3841 Variae
761 3776 938 3859 particulae
962 3776 1073 3839 insunt
1094 3776 1169 3842 hae:

335 3880 368 3968 1)
392 3881 521 3965 glossae
536 3882 789 3966 graecolatinus:
803 3882 891 3946 velut
906 3879 1090 3945 ‘anascenet
1106 3883 1241 3948 structio
1285 3901 1386 3948 anax:

242 4011 297 4053 rex
338 3988 559 4052 anadendras:
581 3988 714 4053 arbusta
755 3988 955 4052 anablizusi:
975 3988 1155 4052 scaturiunt
1196 3994 1386 4054 anastesonz

243 4096 401 4160 resuscita
446 4113 625 4159 anasceua:
658 4095 820 4158 contraria
870 4095 1042 4159 anabasis:
1072 4096 1219 4161 ascensio
1271 4117 1387 4181 anage-

243 4202 367 4265 feosin:
392 4199 642 4284 recapitulatio'3
1248 4213 1251 4219 ’

332 4309 367 4391 2)
391 4309 518 4392 glossae
541 4308 829 4373 hebraicolatinae:
857 4309 946 4372 velut
972 4308 1064 4372 batt:
1093 4309 1128 4372 ia
1150 4309 1270 4374 ducale
1298 4309 1388 4372 uestis

244 4415 314 4504 lios.
332 4414 425 4481 Tales
436 4415 523 4482 intra
533 4416 632 4483 solius
643 4416 797 4484 blitterac
808 4399 1054 4502 ambitum'plus
1065 4438 1160 4502 quam
1170 4415 1236 4482 240
1246 4417 1386 4499 exstant3
