3232 5122
680 351 749 372 --
782 323 858 391 res
904 361 948 372 -

258 488 362 553 editus
387 490 436 552 est
462 485 572 571 prodit
599 508 637 550 ex
666 483 795 560 officina
816 484 863 552 Io.
886 465 1014 551 Schotti
1041 484 1250 570 typographi.
1296 484 1400 562 Quod

258 616 348 659 vero
372 594 435 658 illi
454 593 732 659 Onomasticon
751 591 1048 677 Latinogrecum
1068 594 1249 677 accessit,
1273 596 1401 657 aucta-

258 701 306 766 rii
341 700 492 785 quidem
524 700 606 766 vioe
637 698 782 764 factum
815 699 860 763 ab
894 722 935 764 eo
969 703 1040 783 est,
1076 698 1241 764 consilio
1274 704 1402 764 tamen

259 829 353 872 mco:
377 829 546 891 nonque
574 805 675 871 liber
703 807 992 890 grandesceret,
1022 807 1085 870 sed
1109 811 1146 871 et
1168 811 1210 871 ut
1233 788 1406 893 graecis?

260 914 437 980 nantibus
465 913 562 978 satis
590 912 713 978 fieret.
759 911 854 977 Nam
883 911 926 976 de
954 911 1002 976 iis
1030 934 1100 997 que
1128 912 1403 978 indifferenter

261 1025 298 1086 et
325 1018 471 1104 graece
491 1023 528 1084 et
554 1019 676 1102 latine
705 1018 945 1103 scribuntur,
973 1019 1244 1086 existimabam
1273 1042 1402 1110 super·

260 1149 465 1192 vacaneum
489 1128 571 1192 fore
591 1126 745 1191 chartas
769 1124 852 1198 illis
879 1123 1067 1190 oblinire'.
1105 1124 1256 1210 Sequitur
1275 1129 1404 1212 querela

261 1235 299 1300 de
322 1237 471 1298 truncato
496 1254 725 1318 saepenumero
750 1229 791 1295 ab
815 1230 993 1295 editoribus
1012 1232 1117 1296 malae
1135 1237 1233 1298 notae
1249 1231 1403 1319 Calepino

262 1345 294 1405 et
318 1339 490 1405 ‘Caesarea
516 1336 755 1424 praerogativa'
785 1361 804 1402 a
827 1335 944 1402 Carolo
972 1339 1084 1423 quinto
1113 1340 1160 1404 ‘in
1187 1341 1318 1406 civitate
1347 1365 1405 1407 sua

262 1449 436 1530 Panormo‚
464 1446 662 1512 diedecima
686 1448 801 1529 quarta
833 1445 953 1510 mensis
981 1447 1174 1529 septembris
1202 1470 1286 1513 anno
1315 1451 1404 1533 quin-

262 1554 443 1641 gentesimo
467 1551 592 1636 quinto'
616 1551 701 1616 data.
742 1549 854 1634 Itaque
877 1551 995 1616 adiecit
1017 1551 1153 1618 lacobus
1177 1553 1305 1641 Spiegel
1328 1579 1404 1622 ono·

263 1661 424 1726 masticon
450 1658 531 1723 illud
558 1678 670 1722 recens
697 1659 810 1721 natum
841 1658 1109 1742 graecissantium
1136 1661 1171 1725 in
1202 1685 1309 1748 usum,
1340 1685 1406 1728 non

264 1768 365 1850 edidit
385 1764 504 1831 ivetus'
527 1762 722 1849 glossarium
745 1763 912 1828 doctorum
941 1764 975 1829 in
1002 1788 1105 1831 usum.
1150 1764 1220 1832 Iam
1244 1770 1406 1852 reputanti

165 1905 171 1918 ·
265 1874 345 1939 mihi
368 1873 422 1957 qui
444 1871 510 1935 tale
528 1869 612 1954 ,quid
640 1869 716 1933 dare
739 1868 842 1933 uellet
869 1871 1037 1953 probabile
1064 1894 1133 1938 esse
1162 1896 1234 1939 eum
1258 1876 1298 1940 ad
1317 1877 1407 1942 Cale·

263 1980 331 2067 pini
349 1980 474 2044 lexicon
491 1978 529 2042 ut
545 1975 793 2041 fundamentum
812 1977 918 2061 operis
938 1978 1086 2064 rediisse,
1108 2003 1142 2045 re
1161 2004 1237 2048 vera
1256 1984 1407 2068 apparuit

265 2086 448 2153 Vulcanii
472 2083 741 2150 onomasticon
763 2083 864 2148 nihil
888 2105 985 2169 esse,
1012 2087 1090 2152 nisi
1114 2086 1293 2173 Calepini
1316 2084 1406 2155 lem-

265 2198 368 2260 mata
389 2214 489 2258 mere
511 2191 637 2255 latina
660 2212 680 2254 a
702 2189 785 2254 viro
813 2189 926 2255 docto
953 2192 1087 2257 nescio
1116 2192 1222 2282 quo¹)
1250 2199 1406 2264 saeculo

265 2305 374 2367 sexto
398 2299 543 2364 decimo
567 2297 605 2360 in
628 2299 806 2380 graecum
830 2318 1040 2364 sermonem
1064 2321 1264 2389 conversa,
1288 2327 1352 2390 qua
1374 2306 1408 2370 in

264 2431 299 2474 re
323 2405 482 2472 vocabula
509 2424 627 2488 graeca
654 2405 687 2466 et
713 2402 879 2492 hebraica,
909 2425 991 2488 quae
1023 2406 1134 2473 latinis
1162 2409 1282 2475 litteris
1310 2412 1440 2480 scribi.

266 2516 383 2598 solent,
407 2511 642 2578 emittebantur
665 2510 787 2594 omnia,
814 2511 947 2576 nomina
969 2515 1101 2610 propria
1125 2516 1290 2603 pleraque,
1317 2540 1408 2583 rarae

267 2625 299 2688 et
319 2622 477 2694 ,obscurae
500 2639 594 2683 voces
618 2638 684 2680 non
707 2617 824 2682 nullae.
862 2615 1024 2702 Compara
1047 2622 1146 2687 enim:

374 2793 583 2850 Onomastioon:
769 2798 772 2802 ’
981 2794 1141 2866 Calepinus:

266 2903 318 2958 Ina
337 2903 368 2956 ὲν
386 2901 424 2956 εἰ(
718 2899 762 2967 In,
781 2900 952 2970 praepositio
972 2904 1016 2957 est
1033 2945 1040 2957 .
1057 2944 1084 2958 ..

719 2990 875 3057 Inaceessa,
894 2989 985 3046 insula
1002 2991 1168 3064 Aegypti..
1186 3039 1191 3050 .

719 3077 845 3146 Inachia,
864 3078 941 3150 regio
961 3096 1033 3149 quae
1048 3125 1054 3136 .
1070 3125 1076 3138 .
1092 3127 1098 3140 .

719 3166 841 3237 Inachis,
861 3167 923 3237 ipsa
940 3169 970 3224 Ic
986 3210 991 3224 .
1008 3211 1014 3224 .
1031 3213 1036 3225 .

633 3297 638 3306 .
667 3253 670 3258 ’
719 3256 851 3327 Inachus,
869 3259 963 3327 penul.
983 3276 1037 3314 cor.
1055 3261 1130 3316 Iouis
1146 3305 1151 3317 .
1168 3304 1196 3316 ..

267 3348 421 3401 lnancscoz
440 3350 571 3410 κενοθμαι
720 3347 865 3413 Inanesco,
889 3346 955 3416 scis,
979 3347 1070 3404 inanis
1088 3339 1136 3419 fio,
1155 3351 1229 3420 quod
1248 3352 1284 3406 ab
1302 3352 1410 3422 inaneo,

791 3451 853 3503 nes,
872 3434 932 3489 fieri
950 3437 1056 3491 certum
1075 3440 1138 3493 est.
1155 3481 1183 3493 ..

268 3523 449 3592 Inaniloquus
460 3536 469 3577 ε
480 3523 636 3588 ικενολόγο(
720 3521 908 3591 Inaniloquus,
923 3523 971 3594 qui
984 3525 1080 3584 inania
1092 3527 1222 3596 loquitur.
1237 3530 1354 3585 Plautus
1368 3573 1410 3587 ...

268 3611 429 3667 Inanimuse
449 3613 556 3678 ἄψυχος
721 3609 876 3680 inanimus,
896 3628 924 3682 a,
945 3631 1003 3683 um,
1023 3616 1097 3684 quod
1111 3618 1266 3674 nonhabet
1280 3620 1410 3675 animam.

793 3698 865 3755 Cice.
884 3701 932 3756 lib.
948 3708 972 3757 2.
993 3702 1055 3758 Offi.
1072 3746 1078 3758 .
1094 3747 1122 3759 ..
1154 3757 1158 3764 .

269 3789 386 3845 Inanio=
405 3790 494 3844 κενόω
721 3787 830 3856 luecio,
850 3785 904 3860 riis,
923 3790 994 3860 niui,
1017 3794 1121 3862 ritum,
1144 3811 1240 3850 uacuo.
1259 3797 1333 3851 unde
1352 3795 1411 3874 ina3

792 3877 867 3933 nitus
882 3922 887 3934 .
904 3922 910 3934 .
925 3922 932 3935 .

268 3967 382 4022 Inanisz
402 3968 527 4022 διάκενος
723 3966 829 4036 luania,
847 3970 941 4038 penul.
959 3971 1037 4040 prod.
1053 3988 1168 4027 uacuus.
1187 3947 1303 4044 August.
1322 3973 1370 4028 lib.
1386 3981 1410 4029 4.

793 4056 943 4113 Confessio.
971 4059 1160 4115 Haeo'omnia
1176 4103 1181 4115 .
1197 4103 1226 4115 ..

270 4145 414 4200 Inanitasz
434 4147 545 4199 κένωει(
724 4145 858 4214 inanitas,
878 4148 907 4201 et
924 4147 1055 4215 inanitio,
1073 4167 1123 4222 pro
1143 4150 1293 4206 uac'uitate.
1329 4151 1411 4205 Plau·

263 4232 269 4242 ¹
793 4236 838 4288 tus
857 4233 886 4288 in
905 4234 1084 4292 Cistellaria.
1101 4282 1129 4294 ..

272 4346 483 4354 ——-——-

346 4447 365 4519 ¹)
384 4447 512 4504 Fortasse
532 4448 567 4502 ab
585 4447 647 4518 ipso
665 4445 766 4502 Iacobo
785 4445 905 4522 Spiegel.
