3216 5126
705 313 946 378 -154-

256 477 364 540 autem
392 476 460 541 eius
488 475 627 559 scriptor
659 475 817 560 pleniore,
849 496 945 559 quam
973 479 1122 541 nostrum
1150 478 1213 559 est,
1241 474 1400 560 glossario

256 605 333 648 usus
357 605 436 648 esse.

253 698 256 704 ’
345 689 494 756 Adiciam
508 713 575 756 non
587 690 692 776 nulla,
711 712 792 775 quae
807 690 886 755 alibi
900 691 952 755 rel
967 690 1241 756 demonstravisse
1260 689 1340 754 mihi
1355 689 1401 754 vi·

255 798 333 863 deor
351 796 404 862 vel
422 797 718 864 demonstraturum
733 818 870 862 maesse
890 819 997 882 spem,
1017 797 1085 862 sinc
1099 798 1177 862 ullis
1193 796 1401 882 argumentis.

342 903 367 969 Ι.
390 903 514 969 Placidi
533 903 661 989 glossae
681 905 759 972 duas
775 904 931 970 exhibent
945 905 1099 970 materias
1122 904 1217 988 plane
1241 903 1400 968 diversas:

256 1011 538 1077 adnotatiunculae
562 1011 793 1095 grammaticas
809 1014 842 1075 et
857 1010 983 1095 glossas
1003 1032 1082 1095 quas
1102 1010 1232 1094 proprie
1256 1008 1401 1074 dicimus.

343 1116 385 1181 II.
408 1115 600 1182 Glossarum
623 1117 799 1183 medullam
817 1118 1003 1183 Plautinam
1026 1139 1096 1183 esse
1119 1139 1186 1183 non
1209 1116 1402 1182 credendum

254 1229 304 1291 est
330 1225 407 1290 libri
434 1222 618 1290 Geminiani
649 1226 759 1292 titulo:
795 1227 920 1310 spectat
951 1223 1061 1308 potius
1089 1223 1130 1288 ad
1158 1222 1402 1308 antiquissimos

256 1332 429 1416 scriptores
454 1353 579 1415 omnes,
602 1333 690 1396 velut
704 1331 846 1416 Livium,
864 1330 1036 1414 Naevium,
1055 1329 1211 1415 Ennium,
1235 1329 1402 1415 Catonem,

256 1439 416 1522 imprimis
440 1441 548 1502 autam
572 1438 612 1506 ad
630 1438 782 1504 Plautum
806 1441 839 1503 et
859 1437 1028 1503 Lucilium.

345 1543 403 1610 ΙΠ.
427 1544 503 1612 Non
526 1544 689 1609 derivatae
711 1544 773 1610 hae
796 1545 900 1608 bonae
922 1548 1019 1609 notae
1043 1544 1172 1630 glossae
1192 1566 1208 1608 e
1227 1544 1326 1610 Festo
1350 1547 1401 1610 vel

254 1651 370 1716 Verrio
402 1650 533 1735 Flacco,
566 1650 622 1715 sed
650 1650 775 1717 scholia
803 1654 879 1716 sunt
906 1674 923 1716 e
951 1651 1181 1717 vetustissimis
1215 1651 1400 1737 glossogra-

194 1793 196 1803 .
255 1758 329 1843 phis
348 1758 495 1824 conlecta
509 1761 542 1822 et
556 1762 718 1842 excerpta,
741 1757 822 1844 ipsis
842 1759 1037 1842 scriptorum
1056 1759 1161 1823 verbis
1182 1758 1399 1824 inlemmatis

255 1864 453 1930 scholiorum
476 1863 558 1928 nihil
582 1865 726 1930 mutatis.

343 1971 400 2038 IV.
422 1970 546 2036 Placidi
561 1973 689 2058 glossae
703 1973 738 2038 in
752 1972 817 2038 alia
836 1972 997 2058 glossaria
1010 1993 1077 2038 non
1093 1971 1271 2038 translatae
1286 1975 1361 2037 sunt
1368 1969 1402 2059 ¹),

257 2100 450 2165 quamquam
472 2079 654 2162 persimiles
678 2103 753 2146 sane
785 2080 865 2146 alibi
893 2101 1020 2164 quoque
1049 2081 1184 2144 exstant.
1230 2079 1322 2155 Quod
1346 2078 1401 2144 ubi

166 2212 169 2218 ·
255 2209 315 2253 usu
338 2187 427 2253 venit
450 2209 488 2252 ex
512 2187 632 2252 eisdem
658 2179 834 2274 utrobique
853 2187 1000 2254 fontibus
1024 2187 1177 2252 haustum
1201 2189 1259 2252 est.

789 2459 863 2539 aa.

316 2580 361 2633 lle
380 2569 627 2634 minoribns'non
645 2578 742 2636 nullis
761 2580 923 2647 glossariis
941 2580 1130 2648 allorumquo
1150 2577 1341 2646 fragmentis.

347 2724 375 2787 1.
409 2721 537 2788 Codicis
565 2723 869 2790 Leidensis'blF
893 2748 976 2790 saec.
998 2725 1142 2810 Vlflslx
1172 2723 1402 2810 glossariolum

257 2831 455 2897 alterolooo
481 2831 637 2896 traditum
662 2833 756 2897 bonis
781 2833 901 2917 glossis
923 2855 990 2898 non
1013 2822 1113 2897 caret:
1154 2830 1271 2896 Insunt
1294 2833 1401 2894 autem

258 2938 359 3021 1183,
387 2907 461 3002 {nse
485 2960 505 3001 a
526 2936 548 3000 f.
568 2937 655 3002 54²1>
685 2937 760 3003 ‘aaz
784 2938 901 3004 absens
948 2939 1077 3004 abdicat
1099 2939 1223 3002 fisum:
1248 2937 1402 3020 pellitae

256 3066 314 3110 suo
343 3043 412 3108 iure
476 3045 517 3108 ab
540 3044 654 3110 ineunt
677 3049 803 3111 aetate:
835 3047 876 3110 ab
899 3045 1051 3111 infantia’
1080 3067 1181 3130 usque
1212 3044 1252 3108 ad
1279 3042 1301 3106 f.
1321 3043 1403 3108 62¹0

256 3150 422 3236 ‘uulgaret
443 3151 624 3231 adsiduum,
649 3152 863 3218 cottidianum
909 3171 1018 3216 zema:
1040 3153 1106 3216 ulla
1151 3150 1330 3232 zizanium:
1354 3149 1402 3214 lo-

256 3256 347 3322 lium'
367 3258 577 3342 pertinentes.
615 3256 841 3343 Subscriptum
862 3253 915 3324 est
934 3259 1072 3325 Arzus
1094 3261 1098 3338 l
1119 3258 1249 3324 ΩΘΕΩ(
1270 3259 1274 3336 l
1295 3259 1402 3336 ΑΜΙΝ,

256 3363 287 3429 h.
304 3387 329 3430 e.
353 3365 431 3458 δόξα
455 3385 515 3443 (οι,
540 3362 667 3431 ὠθεόε.
691 3364 796 3446 Ἀμήν.
833 3365 905 3432 Hoc
924 3366 1082 3451 glossario
1103 3363 1346 3448 Scaligerum
1369 3363 1404 3427 in

257 3471 462 3555 excerpendis
486 3469 627 3536 ‘Isidori'
651 3471 770 3556 glossis
794 3495 887 3537 usum
912 3495 982 3537 esse
1008 3495 1106 3556 supra
1128 3471 1277 3536 vidimus.
1310 3469 1403 3535 Eius-

208 3607 211 3620 *
256 3577 328 3650 dem
360 3577 579 3662 fragmentum
612 3577 712 3642 habes
745 3578 780 3642 in
812 3577 921 3643 codice
954 3578 1143 3644 Bernensi
1171 3575 1235 3641 258
1270 3576 1403 3640 membr.

257 3707 339 3749 saec.
361 3684 392 3748 X
414 3683 436 3747 f.
458 3684 685 3768 1281-1312
714 3684 771 3748 ubi
800 3686 944 3750 extrema
972 3686 1083 3771 glossa
1107 3687 1156 3749 est
1179 3684 1402 3767 mimoprofas:

256 3811 312 3880 quc
335 3791 542 3856 mimoscrr'bit.
578 3788 679 3854 Deest
701 3790 803 3884 igitur
827 3790 962 3855 dimidia
984 3813 1086 3876 paene
1109 3813 1195 3875 pars.
1233 3789 1295 3867 Qui
1319 3789 1403 3874 glos-

257 3921 309 3963 sas
334 3897 468 3984 collegit
486 3896 685 3962 deminutiva
704 3896 873 3961 adamasse
892 3897 1033 3981 videtur3
1058 3901 1187 3961 exstant
1211 3897 1297 3961 enim
1316 3894 1403 3961 velut

256 4004 349 4070 haec:
382 4003 528 4088 causale,
552 4004 792 4088 corpusculrnn‚
820 4004 1036 4089 gestiuncula‚
1060 4003 1250 4089 Graeculus,
1273 4025 1403 4068 munus-

259 4165 471 4174 ——-—-—--

331 4269 351 4338 1)
373 4269 543 4325 Eximendns
566 4270 609 4324 est
629 4268 711 4324 ‘liber
730 4269 896 4338 glossarum’
923 4268 1036 4339 eiusque
1055 4270 1195 4341 epitomae
1217 4285 1306 4339 paene
1325 4268 1403 4322 innu-

257 4359 418 4428 merabiles,
447 4376 503 4428 quo
529 4358 657 4429 integrae
684 4358 792 4414 Placidi
821 4358 930 4428 glossae
957 4361 1087 4428 receptae
1116 4360 1188 4413 sunt.
1229 4359 1342 4427 Loquor
1369 4355 1403 4412 de

257 4447 399 4504 veteribus
417 4447 560 4521 glossariis
579 4464 596 4506 a
616 4447 698 4507 ‘libro
717 4447 884 4518 glossarum'
905 4464 960 4503 non
978 4446 1173 4524 pendentibus.
