3178 5122
665 341 930 414 —xva'

292 504 441 574 Glossam
459 510 647 574 dentiscem:
666 515 852 576 contemnere
871 512 899 575 si
918 533 969 575 me
993 513 1135 596 sequeris
1160 513 1351 596 simpliciter
1439 537 1443 545 ·

204 615 239 678 in
264 615 437 696 despicere:
461 619 648 684 contemnere
669 616 820 681 mutabis,

291 721 473 787 Horeolns:
501 723 649 786 ncnndns
681 725 790 787 utrum
823 724 856 787 iu
888 723 1052 789 hariolos:
1080 726 1209 791 dininas
1242 749 1285 791 an
1317 728 1351 794 in

201 829 340 893 hariolus
355 830 527 894 :incentor
545 830 771 915 corrigendum
790 831 833 894 sit
852 831 981 898 dubito:
1001 833 1039 897 cf.
1056 832 1142 896 ‘libri
1156 832 1350 917 glossarum'

201 935 340 999 harioli:
368 936 542 1000 incantores
568 937 635 1000 sicce
661 937 778 1020 diuini,
811 959 877 1000 non
907 941 1015 1002 autem
1043 939 1155 1003 dubito
1184 940 1261 1023 quin
1289 940 1349 1004 rei-

204 1041 315 1107 cienda
346 1042 389 1105 sit
418 1040 620 1128 Deuerlingii
643 1043 684 1113 jn
714 1044 890 1127 scriptione
919 1066 950 1129 p.
971 1043 1018 1110 IX
1035 1068 1079 1131 sq.
1109 1046 1247 1112 excitata
1277 1069 1350 1111 cou-

203 1150 328 1214 icctura
350 1148 513 1213 hariolos:
537 1133 774 1215 iocobnndns.
1312 1166 1317 1170 ·

292 1292 328 1356 Ρ.
342 1291 421 1356 376:
444 1292 568 1357 enocilr's
586 1313 652 1357 nou
671 1314 742 1356 sum
763 1292 891 1357 nescius
916 1292 1014 1357 etiam
1037 1315 1144 1358 merae
1167 1316 1226 1377 pro
1249 1295 1349 1361 encloc·

203 1397 251 1478 lys
274 1398 476 1481 corruptelae
500 1399 607 1464 deberi
630 1420 735 1483 posse.

292 1538 326 1605 P.
350 1540 414 1605 387
435 1563 503 1625 sqq.
552 1540 601 1606 De
639 1541 885 1626 cognominibus
919 1565 939 1605 a
972 1542 1107 1626 pedibus
1145 1543 1352 1628 cruribusque

204 1645 356 1712 derivatis
388 1652 518 1730 praeter
549 1651 673 1712 ceteros
707 1646 919 1712 conferendus
953 1652 1023 1712 erat
1055 1647 1152 1712 Plinii
1183 1647 1351 1714 Naturalis

203 1753 358 1819 historiae
376 1753 431 1837 XI,
451 1755 515 1819 253
532 1776 577 1839 sq.
600 1752 652 1818 hic
676 1753 781 1819 locus:
800 1755 892 1835 pedes
914 1754 1033 1819 nomini
1050 1757 1204 1840 nonnoni,
1225 1756 1353 1836 feminis

204 1863 354 1927 tenuiores
384 1863 420 1927 in
452 1863 537 1926 ononi
565 1881 673 1944 penne
696 1911 703 1924 .
723 1910 730 1924 .
750 1911 774 1943 .,
807 1862 877 1927 oola
906 1861 1026 1925 nomini
1056 1866 1191 1946 tanturn,
1222 1866 1352 1946 exceptis

202 1968 395 2049 qnibnsdarn.
413 1989 546 2050 nonoque
559 1972 588 2032 et
602 1967 674 2032 tine
687 1969 869 2050 capnonina
882 1969 1025 2032 inventa:
1042 1967 1189 2052 Planci,
1206 1968 1351 2053 Planti,

204 2075 365 2159 Pansae,
388 2074 538 2158 Scauri,
567 2076 647 2139 sient
668 2096 689 2139 a
711 2075 852 2139 nnnbns
880 2075 985 2152 Vari,
1015 2075 1160 2158 Vatiae,
1190 2061 1352 2158 Vatinii,

163 2263 168 2268 Π
203 2203 280 2263 qnae
300 2183 378 2246 uitia
400 2187 429 2247 et
450 2183 485 2246 in
507 2182 755 2264 qnadrnpedibns
774 2231 781 2246 .
801 2180 820 2245 .’

291 2323 326 2388 P.
350 2325 424 2390 390.
478 2323 649 2389 Philoxeni
671 2347 701 2408 p.
726 2325 783 2402 94,
803 2324 845 2388 24
879 2324 1023 2408 glossam
1053 2323 1213 2403 falcones:
1238 2323 1350 2388 δάκτυ-

204 2435 254 2496 λοι
278 2435 389 2496 ποδῶν
413 2431 474 2495 ἔεω
500 2433 673 2512 βλέποντε(
701 2431 747 2494 sic
777 2429 1010 2494 emendandam
1034 2452 1105 2494 csse
1130 2452 1256 2496 censeo:
1287 2431 1351 2512 fal-

203 2555 314 2614 eonn:
338 2539 516 2608 δακτύλου(
540 2542 651 2602 ποδῶν
676 2537 737 2602 tour
763 2539 955 2618 βλέπ[οντα(
980 2535 1135 2618 ἔχ]οντε(.

291 2645 326 2709 Ρ.
350 2645 415 2708 394
431 2667 499 2730 sqq.
531 2644 687 2709 Addenda
710 2648 786 2709 sunt
809 2665 891 2728 quae
914 2643 949 2706 in
974 2642 1068 2707 ‘libro
1092 2643 1287 2728 glossarum’
1311 2644 1350 2708 de

203 2751 344 2835 Vopisco
369 2751 549 2816 referuntur
572 2750 665 2817 haec:
697 2752 835 2834 oopiscns
856 2750 1038 2842 nominatur
1063 2771 1126 2813 nno
1153 2751 1258 2815 aborto
1284 2752 1350 2833 filio

203 2859 281 2922 alter
308 2860 362 2940 qni
390 2859 519 2941 lepitirne
545 2864 639 2924 natos
664 2858 761 2938 faerit
787 2855 936 2942 (oodncns
958 2857 1144 2946 nominatas·
1166 2879 1197 2921 n.
1219 2855 1350 2944 adorto),

203 2986 285 3049 quae
308 2964 457 3030 videntur
481 2987 497 3030 e
522 2963 634 3045 Soliuo
657 2965 798 3029 fluxisse.

293 3106 414 3192 Scripsi
437 3105 612 3172 Mediolani
635 3131 676 3173 m.
700 3104 786 3191 Sept.
811 3129 838 3171 a.
858 3104 1200 3174 CIOIOOCOLXXVI.

279 3354 298 3422 ¹)
318 3354 358 3410 Cf.
378 3354 498 3424 glossam
518 3355 587 3409 alto
605 3356 692 3410 odio:
712 3355 813 3424 lonpo
833 3355 886 3409 ira.

278 3444 394 3514 ⁹)ldsm
421 3443 567 3497 truncatae
596 3442 797 3511 comptasque
826 3441 935 3510 glossae
962 3442 1019 3496 tria
1042 3440 1203 3496 testimonia
1230 3440 1349 3509 recepit:

204 3535 361 3604 apiesinos
385 3535 440 3588 otio
463 3533 633 3602 turpissima,
665 3533 819 3601 apissimoz
844 3532 894 3585 din
917 3531 1081 3600 turpissime,
1113 3530 1268 3599 apiseimor
1294 3530 1349 3582 otio

204 3624 365 3693 turpissimo.
