3232 5122
662 338 702 345 —
749 301 904 364 233-

301 458 469 523 Glossario
482 481 501 522 e
514 460 598 523 libro
617 459 802 542 glossarum
821 459 925 541 petito
945 460 1107 542 praecedit
1127 461 1256 524 brevius
1270 461 1354 544 glos·

214 566 367 641 ¹sariolum
385 566 408 630 l
424 567 456 629 1:
480 563 612 629 ‘HAEC-
631 563 745 628 sm
763 562 910 628 GRECA
928 563 1080 629 l'ERBA
1098 566 1155 629 ET
1168 565 1354 649 ALIQL‘A,

214 677 331 755 LORI'J
363 677 420 755 Cli
452 688 603 754 GLOSIS
635 687 729 754 SCIS
762 694 768 768 Ι
801 689 982 754 abdomen:
1015 690 1178 773 pinguedo
1210 691 1356 754 carnium

213 797 346 861 absida:
373 797 543 861 luciduco
570 796 657 880 quod
684 795 805 859 lumine
830 801 964 878 accepto
991 818 1049 879 per
1078 819 1189 861 arcum
1215 798 1357 881 resplen-

212 902 308 967 deat'.
357 903 501 986 Explicit
528 903 551 967 l
576 905 654 966 i'a:
691 902 867 966 ‘zonarimt
900 902 1066 987 cingulum
1120 905 1229 968 zozis:
1261 903 1357 986 signa

212 1011 394 1094 zelotypia}
417 1009 536 1074 dicitnr
557 1009 649 1073 furor
671 1031 744 1073 cum
765 1031 899 1074 rancore
917 1010 1037 1073 mentis
1057 1009 1230 1076 accensus'.
1260 1009 1356 1074 Prae

212 1121 263 1180 tcr
292 1117 419 1202 glossas
450 1138 538 1179 mere
570 1116 690 1180 laturas
719 1137 786 1180 non
818 1116 899 1181 adeo
930 1139 1053 1200 paucas
1090 1115 1193 1202 (velut
1222 1117 1356 1199 apodas:

211 1224 308 1300 soom,
338 1243 435 1287 micres
456 1227 490 1286 et
512 1224 628 1305 popina
637 1242 657 1312 εΙ
668 1223 830 1306 modique,
862 1225 1052 1304 laisaribsas,
1074 1224 1197 1310 ambro)
1228 1226 1358 1310 glossae

212 1329 486 1415 graecolatiuae¹)
513 1331 638 1414 insunt,
665 1353 747 1414 quae
775 1351 895 1415 magna
921 1353 961 1395 ex
984 1337 1082 1415 parte
1109 1354 1183 1396 cum
1205 1331 1358 1396 Eucherii

211 1437 355 1520 episcopi
368 1434 593 1521 Lugdunensis
614 1438 732 1501 vetcris
751 1440 938 1502 testamenti
962 1439 1259 1523 interpretamentis
1283 1460 1357 1502 con-

212 1542 365 1608 sentiunt.
394 1542 567 1607 Praetores
579 1544 704 1628 figurae
717 1544 899 1634 rhetoricae
914 1543 1016 1630 (velut
1030 1545 1053 1611 f.
1066 1546 1127 1610 1¹b
1142 1543 1305 1609 ‘antiteta'
1325 1549 1358 1608 et
1435 1623 1443 1636 ⁵

211 1649 234 1713 f.
257 1650 320 1713 6¹a
349 1648 571 1737 ‘poliptoton')
599 1651 797 1734 scriptorum
827 1653 909 1717 locis
940 1653 1157 1718 illustrantur.
1201 1651 1358 1716 Eiusdem

212 1756 363 1840 glossarii
393 1755 547 1839 (breviati
571 1761 607 1822 ut
629 1756 770 1842 videtur)
802 1758 1021 1842 fragmentum
1049 1763 1157 1823 exstat
1184 1760 1218 1824 iu
1248 1759 1357 1824 codice

212 1861 369 1927 Beruensi
402 1864 538 1929 miscell.
560 1865 591 1927 A
613 1864 655 1929 91
684 1888 715 1928 u
741 1865 781 1929 18
805 1887 830 1928 s.
853 1864 945 1928 lxx
973 1865 996 1928 f.
1019 1867 1054 1950 8,
1085 1866 1169 1930 unde
1202 1866 1358 1930 lemmata

211 1993 277 2034 non
305 1971 397 2036 nulla
424 1972 603 2036 exscribam
635 1973 819 2056 glossarum
845 1974 878 2035 et
910 1972 963 2036 bic
991 1977 1025 2036 et
1052 1974 1087 2037 in
1113 1972 1269 2036 Beruensi
1291 1974 1356 2036 357

212 2077 420 2143 traditarum:
452 2079 561 2144 absida
591 2080 779 2162 acatalcptas
805 2079 918 2159 acefali
943 2080 1049 2144 acoliti
1074 2081 1221 2171 accedeus
1247 2081 1357 2163 acgida

211 2187 301 2268 capia
322 2191 388 2251 acto
411 2187 451 2251 al
483 2187 669 2251 Permultae
692 2187 809 2251 harum
832 2187 1015 2272 glossarum
1034 2189 1133 2251 etiam
1150 2187 1186 2251 in
1202 2187 1358 2251 Bemensi

212 2293 277 2357 688
293 2315 317 2356 s.
331 2292 411 2358 ΧΠ]
425 2294 560 2358 membr.
575 2292 636 2358 12⁰
652 2291 696 2379 (v.
709 2293 883 2380 Hagenum
897 2318 927 2379 p.
942 2294 1022 2380 501)
1035 2295 1059 2361 f.
1072 2295 1201 2359 2¹—8¹
1220 2295 1358 2358 exstant.

300 2434 405 2500 llulto
423 2439 528 2502 maius
551 2442 600 2502 est
623 2437 708 2521 quod
730 2438 805 2502 inde
824 2461 844 2501 a
861 2438 883 2502 f.
900 2439 979 2502 l'b:
1003 2437 1120 2502 ‘abbaz
1144 2442 1238 2521 patet
1282 2436 1357 2499 abi:

212 2542 310 2606 iulius
337 2544 457 2609 mensis
516 2545 578 2609 ab:
606 2544 777 2628 augustus’
805 2567 905 2628 usque
933 2546 974 2609 ad
1001 2545 1024 2609 f.
1048 2545 1148 2609 28¹b:
1185 2544 1358 2610 ‘zozimusz

212 2649 310 2713 uiuar
337 2649 372 2714 ul
400 2652 527 2716 uiuidus
581 2652 692 2716 zozia:
724 2650 831 2734 sigua'
858 2651 1000 2734 pertinet
1023 2651 1228 2735 glossarium
1278 2649 1358 2715 Sub

212 2776 369 2858 scriptum
387 2775 503 2839 babes:
526 2773 805 2840 ‘EXPLICIVNT
822 2775 855 2839 N
858 2773 1002 2838 Ontxl
1022 2776 1026 2854 Ι
1046 2757 1358 2839 IN'EPRETATIO-

211 2883 319 2948 NES'.
341 2883 493 2968 Sequitur
507 2883 787 2948 ‘ALFEBETVM
819 2882 1116 2954 HEBREORVM'.
1146 2882 1219 2946 Hoc
1232 2883 1357 2966 glossa·

211 2991 296 3054 rium
319 2991 431 3055 eadem
458 2991 534 3054 libri
560 2992 744 3075 glossarum
772 2991 913 3074 epitome
940 2994 1003 3073 est,
1029 3012 1127 3073 quam
1151 2988 1189 3053 G.
1212 2987 1357 3052 Thomas

213 3096 326 3179 edidit,
348 3097 412 3160 uisi
435 3097 522 3179 quod
537 3097 711 3161 Berncusis
729 3097 886 3161 memoria
904 3118 970 3161 non
987 3099 1139 3160 muncata
1157 3099 1215 3160 cst
1250 3094 1356 3158 Multo

211 3204 317 3267 rarius
331 3203 536 3268 Monacensis
559 3205 654 3288 plura
677 3205 834 3288 servavit,
856 3205 946 3269 velut
963 3205 981 3268 b
998 3205 1128 3268 litterae
1152 3225 1207 3268 eas
1230 3204 1357 3287 glossas

212 3333 348 3394 quarum
372 3313 526 3376 lemmata
549 3312 636 3394 apud
657 3311 818 3375 Thomam
842 3315 919 3374 sunt
941 3312 1042 3389 bosor,
1065 3311 1211 3394 basileis,
1233 3310 1358 3390 basileo,

212 3418 367 3500 buteriam,
390 3418 510 3494 ballein,
528 3417 670 3500 bodico,
692 3418 819 3495 bisaltas,
841 3419 909 3496 biti,
932 3419 1025 3482 blata.
1066 3417 1210 3481 Thomas
1234 3416 1356 3500 glossa·

213 3525 296 3588 rium
319 3525 397 3590 novi
420 3523 539 3588 codicis
562 3547 623 3608 ope
645 3524 799 3588 facillime
822 3522 987 3588 emendari
1008 3527 1125 3608 potest.

300 3665 343 3730 Π.
365 3666 598 3748 Fragmenta
620 3664 697 3727 libri
720 3664 903 3748 glossarum
927 3664 1015 3727 edita
1037 3669 1114 3728 suut
1135 3664 1232 3728 baec:

304 3810 331 3872 1.
361 3807 558 3892 Fragmenta
580 3807 785 3871 Portensia
808 3829 890 3871 saec.
912 3805 942 3869 X
965 3805 1088 3888 scripta
1110 3808 1143 3868 ct
1167 3805 1207 3868 ad
1230 3805 1357 3868 litteras

212 3939 302 3980 a-e
329 3921 363 3980 et
385 3937 474 3978 r-a
505 3913 702 3998 pertinentia
729 3913 772 3977 27
798 3912 881 3977 folia
913 3913 1041 3996 integra
1073 3916 1161 3994 sunt,
1196 3914 1212 3974 l
1240 3910 1357 3974 folium

213 4023 394 4105 dimidium,
431 4023 450 4085 7
483 4020 668 4106 fragmenta
698 4019 835 4084 minora
885 4018 974 4082 Haec
1010 4019 1181 4101 descripsit
1218 4022 1251 4081 et
1282 4017 1356 4080 inde

214 4133 363 4213 excerpta
377 4127 515 4212 protulit
528 4126 563 4192 C.
572 4126 611 4190 R.
620 4127 788 4192 Fickertus
801 4129 1043 4210 programmate
1058 4125 1205 4189 Portensi
1222 4124 1358 4207 a.1843,

288 4431 308 4498 ¹)
325 4429 434 4485 Latinis
451 4431 547 4482 tamen
564 4427 666 4482 litteris
684 4427 778 4482 omnis
795 4426 951 4498 perscripta
969 4427 1041 4478 sunt.
