3178 5122
698 335 893 401 ‚ag-

221 514 320 562 unam
342 519 358 563 s
381 493 568 563 scribendae
586 497 673 562 haud
696 498 926 582 improbabilis
946 499 1010 563 nisi
1033 498 1128 564 fallor
1151 497 1368 566 ratiocinatio.

221 604 355 669 Etenim
386 609 423 669 ut
454 626 577 672 caussa
608 626 748 687 quaesso
781 606 865 670 aliae
899 607 1077 689 scripturae
1109 607 1264 690 proximis
1294 612 1370 692 post

222 709 388 776 Christum
416 712 553 776 saeculis
583 715 793 788 evanuerant,
822 713 869 777 ita
899 713 997 777 etiam
1023 713 1139 794 plossa
1166 713 1206 778 ad
1234 714 1368 778 eandem

222 818 468 883 similitudinem
492 821 735 884 accommodata
753 820 858 904 magis
878 820 1046 903 magisque
1067 821 1165 901 piosa
1189 819 1367 902 scripturae

222 925 356 989 cessisse
379 927 517 1008 videtur,
539 930 576 991 ut
594 926 764 991 Aurelium
784 924 950 1009 Opillium,
968 924 1157 1009 Varronem,
1181 923 1367 990 Ciceronem

219 1031 335 1112 plossa
357 1031 465 1096 forma
488 1031 658 1098 aGraeois
683 1037 816 1116 accepta
838 1055 914 1097 usos
934 1054 1003 1096 esse
1027 1055 1093 1096 nou
1116 1033 1159 1097 sit
1182 1034 1250 1096 veri
1274 1033 1366 1096 ‹lissi-

222 1137 307 1201 mile.
349 1137 438 1214 Quae
462 1143 570 1203 autem
593 1140 627 1202 in
650 1140 730 1222 ipsis
755 1139 925 1224 glossariis
948 1139 987 1202 de
1007 1139 1110 1220 ptossu
1129 1140 1268 1222 plossuta
1287 1141 1367 1222 plos-

220 1263 305 1308 seuia
332 1245 465 1310 vocibus
494 1247 679 1329 traduntur,
707 1269 774 1310 non
802 1245 859 1310 abs
887 1267 921 1308 re
945 1245 1050 1308 visum
1074 1249 1124 1308 est
1147 1246 1259 1309 statim
1283 1247 1366 1310 subi-

222 1371 302 1414 cere.
349 1349 431 1418 Sunt
455 1356 564 1417 autem
586 1350 667 1416 haee
689 1353 980 1435 interpretamenta
1004 1351 1083 1416 satis
1107 1351 1228 1418 ieiune:

358 1475 516 1541 Gloseuu:
540 1477 749 1558 interpretatio
772 1496 946 1540 serrnonuu

310 1589 369 1644 cod.
390 1589 582 1658 Amplonian.¹.
600 1607 627 1658 p.
648 1593 708 1656 335,
729 1594 761 1642 't't
782 1589 906 1656 (plosinia
923 1588 1150 1656 interpraetatio);
1170 1589 1229 1643 cod.
1244 1589 1365 1644 Beruen-

275 1673 280 1684 '
312 1676 349 1730 sis
376 1684 428 1732 224
459 1679 478 1732 f.
508 1677 604 1732 21211)
641 1677 781 1746 (piossuna
807 1678 1037 1746 interpraetatio);
1076 1676 1133 1730 Mai
1162 1677 1200 1730 Vl
1232 1695 1259 1746 p.
1291 1680 1365 1732 5251)

312 1766 471 1838 (plasseua).

358 1875 471 1942 Glosa:
494 1877 703 1959 interpretatio
726 1896 900 1940 scrrnonuuu
918 1875 984 1940 siue
1007 1876 1114 1957 liupua
1129 1897 1234 1958 praece
1252 1878 1365 1942 dicitur

315 1987 376 2042 cod.
395 1989 539 2044 Leidensie
559 1989 620 2044 otu
640 1989 658 2044 f.
679 1988 752 2042 29¹b
772 1991 874 2058 (prece).

355 2095 467 2163 Glosa:
491 2100 682 2180 conprepatio
704 2118 879 2164 seruonuu

309 2210 370 2264 aod.
390 2210 577 2280 Sangallensis
596 2217 648 2266 912
667 2229 694 2280 p.
716 2217 779 2276 1193
804 2209 838 2266 cf.
862 2209 946 2278 gloss.
967 2210 1137 2265 Salomonis:
1161 2211 1238 2280 piosa
1257 2227 1364 2282 conpre-

308 2299 383 2367 patio
408 2315 561 2354 scrutariam
582 2300 623 2352 act
647 2299 836 2368 interpretatio
862 2297 930 2367 [siue
952 2299 985 2351 de
1008 2299 1129 2370 arbore],
1153 2300 1231 2354 cuius
1254 2300 1364 2369 glossae
1423 2349 1426 2355 .

308 2404 341 2440 ex
369 2388 478 2441 duabus
506 2387 677 2456 compositae
705 2404 778 2456 quae
806 2388 892 2441 verba
916 2387 1024 2441 uncinis
1053 2388 1303 2458 circumclusimus,
1331 2407 1365 2444 ea

309 2475 423 2530 aliunde
440 2476 553 2532 invecta
571 2478 643 2532 sunt.

352 2586 459 2652 ncnc:
479 2587 616 2667 plossula

308 2697 419 2765 glossae
441 2697 560 2768 ‘cyrilli'
581 2717 609 2768 p.
629 2705 690 2768 527,
710 2705 724 2752 t
745 2700 788 2754 ed.
807 2699 923 2755 Vulcan.

309 2805 400 2872 Haec
414 2808 452 2871 de
469 2807 628 2890 scriptura
643 2813 675 2872 ct
690 2809 834 2892 ipsorum
849 2809 1084 2893 glossariorum
1098 2808 1363 2893 interpretamen-

218 2915 270 2978 tis.
317 2914 410 2990 Quod
435 2918 543 2978 autem
567 2915 606 2978 ad
626 2915 730 2997 plasea
753 2920 785 2980 et
805 2917 993 2998 plossuriuu
1016 2916 1247 2980 vocabulorum
1270 2940 1363 2981 usum

219 3021 348 3103 attinet,
366 3021 428 3086 hoc
447 3043 546 3086 unum
565 3022 759 3086 monendum
778 3023 914 3106 videtur,
932 3025 1092 3088 rariorum
1112 3046 1225 3088 vocum
1241 3047 1362 3088 earum-

219 3147 279 3209 que
299 3128 663 3211 interpretamentorum
686 3151 802 3213 corpus
821 3130 855 3192 in
874 3131 953 3212 ipsis
974 3131 1137 3209 codicibus
1160 3149 1226 3194 uon
1246 3131 1363 3212 plassa-

217 3235 301 3298 riurn
325 3234 484 3318 appellari
508 3234 626 3318 solere,
650 3235 705 3299 sed
724 3235 790 3299 fere
810 3258 936 3318 semper
960 3236 1094 3300 inscribi
1121 3236 1174 3300 vel
1202 3237 1363 3300 subscribi

217 3342 369 3422 incipiunt
406 3342 545 3424 plosae,
588 3342 698 3422 incipit
737 3343 918 3424 conscriptio
952 3343 1156 3430 ptosurnrn,
1197 3345 1365 3426 expliciunt

214 3449 355 3532 plosae,
386 3448 420 3512 id
448 3467 549 3531 genus
584 3447 720 3512 similia:
748 3471 943 3533 quamquam
977 3450 1075 3514 etiam
1108 3448 1173 3514 alia
1204 3450 1363 3514 vocabula

217 3580 277 3620 usu
295 3555 440 3638 veniunt,
463 3553 607 3618 velutin
626 3555 688 3618 fine
708 3555 891 3642 glossarum
910 3555 1029 3620 codicis
1050 3553 1273 3641 Sangallensis
1297 3554 1362 3618 912

216 3662 396 3746 pervetusti
419 3684 449 3745 p.
474 3661 539 3725 320
563 3661 734 3725 subicitur:
762 3661 888 3726 EXPL.
912 3661 1264 3728 ERMENEUMATA.

305 3805 492 3868 Transimus
517 3804 557 3869 ad
581 3805 708 3888 glossas
731 3806 828 3888 ipsas.
873 3803 1010 3868 Glossae
1033 3808 1143 3887 partes
1168 3806 1248 3869 duae
1273 3808 1361 3868 sunt:

217 3913 337 3976 lemma
360 3896 473 3993 altera,
497 3911 601 3975 altera
624 3912 963 3995 interpretamentum,
987 3933 1123 3994 quarum
1148 3911 1240 3975 illam
1269 3915 1360 3997 quot·
1410 3904 1412 3909 ’

217 4022 296 4102 quot
319 4037 379 4101 ego
399 4019 476 4081 novi
499 4019 733 4103 glossariorum
753 4019 877 4082 codices
897 4039 1008 4081 omues
1017 4015 1040 4103 1)
1060 4018 1094 4081 in
1113 4019 1255 4103 sinistra,
1277 4016 1361 4082 hanc

290 4193 310 4262 ¹)
325 4193 389 4247 Non
404 4192 499 4246 obstat
513 4193 733 4248 vetustissimum
748 4193 877 4262 glossarii
891 4191 1075 4261 latinograeci
1086 4194 1244 4262 exemplum
1259 4192 1361 4261 papyri

215 4281 378 4336 Parisicnsis
402 4297 426 4337 a.
452 4288 520 4336 1865
546 4283 636 4337 editae
660 4285 689 4337 et
712 4281 871 4351 nuperrime
894 4299 911 4336 a
940 4281 1109 4335 Buechelero
1135 4281 1165 4334 in
1188 4269 1362 4336 Fleckeiseni

216 4371 315 4426 Annal.
339 4373 358 4424 t.
379 4376 428 4424 111
459 4375 493 4438 (a.
518 4377 598 4440 1875)
621 4390 648 4440 p.
672 4377 723 4424 309
748 4390 808 4439 sqq.
834 4370 945 4441 egregie
970 4373 1128 4438 enarratae,
1155 4371 1258 4438 quippe
1283 4371 1360 4424 cuius

215 4459 372 4530 glossarioli
390 4459 462 4512 ratio
481 4475 593 4529 prorsus
612 4459 760 4530 singularis
779 4459 823 4513 sit.
889 4443 892 4450 Δ
