3222 5122
643 343 884 409 -327-

196 529 293 591 quam
317 505 488 590 quominus
512 504 551 569 ad
574 504 736 569 Lucilium
758 503 798 586 V,
817 503 858 566 41
891 501 1002 567 ‘vivite
1030 503 1192 585 lurcones,
1215 526 1337 569 come·

196 612 329 696 dones,
370 613 469 677 vivite
506 609 660 676 ventresl’
697 610 848 694 referam,
884 609 1042 674 Varronis
1078 609 1164 693 apud
1194 607 1338 674 Nonium

195 744 226 804 p.
250 719 362 803 93,17
395 719 485 784 locus
518 717 624 802 ‘putat
656 717 724 782 fore
757 715 831 800 hoc,
863 714 949 799 quod
980 713 1032 788 his
1064 716 1337 782 comedonibus

195 826 285 891 venit
307 848 367 889 usu
390 823 454 890 ...⁹
479 824 625 909 impedit.

283 933 455 1018 Exquisita
477 931 544 997 Mai
567 932 616 997 VI
638 955 669 1017 p.
689 931 780 997 ulra
802 931 930 1016 glossa:
953 949 1158 1012 querquera
1180 933 1225 994 est
1243 928 1339 1010 febris

195 1042 289 1117 uuis,
312 1062 390 1122 quoe
407 1061 476 1106 cum
493 1061 605 1122 macno
622 1040 738 1122 fripore
755 1039 830 1103 solet
845 1038 948 1102 uenire
970 1058 1036 1101 non
1054 1035 1238 1100 dubitarem
1261 1034 1339 1120 quin
1399 1025 1409 1044 “

196 1146 236 1210 ad
259 1147 451 1231 alterutrum
474 1144 592 1210 horum
615 1144 718 1210 Lucili
741 1144 1000 1229 fragmentorum
1024 1144 1161 1227 spectet:

238 1253 299 1316 inc.
314 1251 426 1336 35sq.:
451 1301 524 1316 ....
543 1259 758 1335 querquera
776 1251 984 1334 consequitur
1002 1249 1183 1334 capitisque
1201 1250 1338 1333 dolores,

270 1386 273 1392 ·
340 1359 469 1424 'Infesti
493 1358 574 1423 mihi
597 1361 669 1444 tam·
690 1380 787 1441 quarn
810 1356 963 1422 Rhoodes
983 1354 1178 1441 Icadionque

239 1467 299 1531 inc.
318 1467 374 1530 37:
398 1515 450 1550 ...
474 1465 599 1530 iactans
623 1486 674 1528 me
697 1467 734 1528 ut
755 1464 857 1528 febris
882 1484 1098 1548 querquera
1117 1513 1165 1547 ..‚

193 1573 257 1637 nisi
280 1572 363 1656 apud
378 1573 532 1637 Plautum
555 1591 682 1654 quoque
701 1570 736 1634 in
754 1569 1123 1653 Frivolaria‘qucrqucrc
1145 1571 1340 1636 vocabulum

194 1702 255 1743 usu
277 1679 403 1744 venisse
426 1676 585 1741 Prisciani
609 1678 642 1740 et
664 1675 756 1740 Festi
765 1673 790 1762 1)
813 1700 844 1760 p.
864 1675 956 1741 2571)
976 1677 1017 1740 31
1042 1677 1241 1742 testimoniis
1265 1699 1339 1742 con·

195 1788 307 1850 staret.

283 1891 439 1960 Similiter
467 1893 676 1974 comparatae
705 1892 781 1953 sunt
808 1888 924 1952 harum
953 1889 1135 1974 glossarum
1165 1890 1205 1955 ad
1233 1893 1338 1956 certos

193 1999 299 2063 Lucili
321 2020 433 2063 versus
457 1997 646 2062 relationes:
794 1991 796 1994 ’

281 2139 434 2224 XXVIII,
452 2139 496 2203 43
520 2136 629 2224 (frgm.
652 2136 744 2202 XXX
766 2159 797 2220 p.
819 2135 910 2224 101):

353 2245 506 2311 ‘Piscium
532 2264 687 2329 magnam
715 2245 812 2328 atque
840 2243 1013 2308 altilium
1036 2244 1102 2310 vim
1122 2244 1338 2312 interfecisti.

506 2365 508 2370 ·
966 2379 970 2384 ,
992 2350 1062 2416 “At
1083 2351 1193 2436 nego„
1276 2435 1285 2443 ⁸

194 2489 232 2530 ex
255 2463 347 2529 libris
371 2461 503 2527 incertis
528 2483 556 2526 v.
574 2460 617 2525 49
642 2456 752 2546 (frgm.
770 2457 864 2524 XXII
887 2481 917 2542 p.
940 2456 1031 2545 138):
1129 2501 1132 2508 -

351 2569 449 2634 Illum
473 2567 601 2633 sumina
624 2567 784 2632 ducebant
807 2555 904 2650 atque
928 2565 1101 2630 altilium
1124 2566 1200 2630 lanx

192 2695 242 2760 Ex
267 2695 423 2760 alterutro
452 2715 547 2757 versu
562 2691 742 2758 Philoxeni
769 2692 914 2776 glossam
936 2713 967 2775 p.
988 2691 1043 2775 14,
1061 2692 1119 2756 20:
1150 2691 1336 2755 altilium:
1367 2699 1376 2710 “

193 2806 343 2868 (ιτευτῶν
358 2800 537 2866 derivatam
557 2821 626 2863 esse
644 2801 806 2882 putarem,
828 2797 893 2862 nisi
907 2797 1081 2861 Horatium
1099 2819 1226 2882 quoque
1245 2797 1337 2880 epist.

148 2925 152 2937 “
192 2909 218 2995 1,
235 2910 264 2994 7,
279 2909 322 2976 35
344 2928 398 2972 uec
419 2927 561 2971 somnum
577 2906 677 2988 plebis
700 2907 792 2970 laudo
814 2911 904 2970 satur
923 2905 1091 2970 attilium
1185 2903 1360 2987 genetivo-

193 3039 269 3080 casu
292 3037 386 3079 usum
410 3035 480 3078 esse
504 3013 627 3078 scirem.
659 3010 795 3078 Accedit
818 3011 904 3097 quod
928 3011 1027 3076 etiam
1045 3010 1228 3077 Horatiana
1251 3011 1336 3076 inter

193 3119 385 3187 ‘Philoxeni'
410 3120 609 3186 collectanea
632 3121 760 3183 exstare
783 3121 905 3182 certum
929 3121 987 3182 est.

192 3313 359 3386 spectantis,
374 3313 470 3384 quales
484 3311 594 3368 ordines
607 3311 637 3365 in
650 3309 701 3364 illo
716 3309 851 3380 glossario
865 3324 921 3364 non
934 3325 1011 3364 raros
1025 3326 1084 3365 esse
1099 3328 1183 3382 supra
1196 3331 1223 3382 p.
1236 3317 1286 3366 10⁷
1295 3331 1335 3382 sq.

191 3403 341 3458 docuimus.
380 3402 510 3457 Conferat
529 3417 601 3470 quae
619 3399 790 3471 praecedunt
807 3400 836 3452 et
855 3398 1037 3453 subsecuntur
1055 3399 1174 3469 glossas:

368 3491 540 3547 comisature
558 3488 678 3560 turpiter
696 3485 861 3542 convivatur

368 3579 587 3636 comssationers
606 3577 748 3633 lumniosa
766 3576 895 3632 convivIa
913 3593 977 3632 oum
994 3576 1186 3634 meretricibus

367 3669 509 3725 comicus:
528 3669 577 3738 qui
596 3667 718 3724 comedit

368 3772 548 3814 comesuruse
566 3757 782 3812 manducaturus

368 3848 560 3903 commeatuss
578 3847 682 3914 victus,
702 3847 866 3902 alimentum

266 3937 284 4005 ¹)
309 3936 466 4006 Opillianae
492 3935 574 3991 huius
596 3934 727 3991 vocabuli
749 3934 987 4006 interpretationis
1010 3934 1080 3990 nihil
1107 3937 1194 3991 restat
1222 3940 1333 4007 praetor
1383 3981 1386 3987 .

192 4026 311 4080 inntula
331 4025 440 4095 Opilius
457 4025 591 4095 fripidam
614 4043 632 4079 o
655 4026 684 4079 et
706 4029 764 4079 tem.
785 4023 891 4080 Santra
909 4041 988 4082 cam.
1004 4070 1010 4082 .
1027 4070 1033 4082 .
1051 4019 1075 4092 ζ,
1098 4043 1170 4094 quae
1189 4027 1275 4097 vulgo
1294 4026 1333 4082 sic

147 4113 151 4123 '
192 4115 369 4186 supplenturr
1023 4169 1025 4178 ,
1163 4103 1168 4120 “

368 4202 477 4272 Opilius
494 4203 628 4274 frigidam
646 4202 700 4274 a[it
718 4202 775 4258 dici
795 4204 824 4258 et
844 4219 908 4258 cum
925 4203 1039 4260 horrore
1057 4204 1189 4274 ttamen]

366 4294 433 4348 tem.
471 4291 573 4347 Santra
590 4308 652 4347 eam
671 4334 678 4346 .
698 4333 731 4348 ..
919 4280 922 4284 ’

189 4383 250 4453 Ego
268 4383 363 4453 glossa
380 4381 432 4436 illa
449 4381 519 4436 duce
537 4397 588 4450 pro
604 4381 784 4435 ‘trementem’
805 4380 899 4452 potius
914 4381 1096 4458 ‘cervicatam’x
1107 4379 1277 4453 scripserim,
1296 4381 1331 4439 de

189 4471 303 4541 reliquis
322 4471 418 4526 autem
435 4469 560 4541 despero.
