3178 5122
702 313 923 376 ..48.,

239 472 387 536 monachi
412 470 646 537 Glocestrensis
669 470 922 536 Panormiam.
959 471 1056 536 Hune
1079 471 1200 537 librum
1225 495 1305 538 saec.
1325 473 1388 537 XII

241 579 396 663 seriptum
419 579 474 662 qui
498 579 559 643 scit
578 578 765 643 adhibitum
788 577 902 666 esse1),
934 601 1007 643 eum
1031 579 1132 644 multa
1156 601 1238 663 quae
1261 581 1296 643 in
1319 579 1387 644 ‘Isi-

241 683 322 750 dori'
351 686 470 768 glossis
495 687 573 750 satis
598 686 680 750 mira
704 689 778 750 sunt
800 707 866 751 non
888 686 954 749 iam
978 685 1159 750 offendunt:
1189 686 1278 751 velut
1300 686 1388 770 illud,

241 792 326 876 quod
353 793 399 856 ibi
422 791 657 888 lllarbodaei¹
671 795 786 877 poetae
815 815 896 858 saec.
920 791 1043 876 xlsxll
1071 790 1250 880 florentisi)
1278 816 1388 858 versus

243 900 397 964 affertur.'
415 899 564 985 Namque
584 900 741 984 glossam,
762 922 860 984 quam
877 921 907 982 p.
923 899 996 982 698,
1012 899 1053 963 38
1073 898 1186 962 habes:
1211 901 1388 964 vaccillum:

237 1028 372 1088 porcum
390 1027 453 1071 oos.
472 1007 634 1070 Macron
659 1005 795 1070 ‘Scaeas
812 1006 912 1070 radiis
935 1006 970 1069 in
992 1025 1076 1086 aquo
1098 1006 1231 1070 subiecta
1254 1006 1388 1072 cascillo'

241 1113 360 1178 dudum
384 1113 584 1176 intellectum
608 1111 760 1176 estnihil
784 1113 945 1195 pertinere
969 1110 1010 1176 ad
1032 1111 1247 1196 Mac-rubium,
1270 1114 1325 1177 sed
1349 1115 1388 1180 ad

241 1219 428 1284 Marbodaei
452 1219 491 1282 de
514 1219 710 1302 heliotropio
733 1222 830 1302 caput
856 1221 910 1302 18,
939 1221 995 1284 ubi
1022 1242 1133 1284 versus
1152 1223 1281 1285 ·exstat:
1311 1244 1389 1304 quoe

241 1329 315 1392 solis
345 1328 447 1391 radiis
475 1327 511 1390 io
540 1347 623 1408 nocco
654 1327 787 1390 sccbiecta
818 1326 935 1390 ousillo.
974 1323 1021 1390 Of.
1051 1326 1232 1394 Osbernum
1264 1351 1294 1412 p.
1324 1330 1387 1392 606

243 1432 269 1497 ‘.
284 1483 313 1497 ..
332 1433 394 1497 hoc
413 1435 594 1518 vasculum,
616 1434 640 1496 li
659 1436 691 1498 et
709 1432 771 1498 hoc
790 1432 950 1516 vatillum,
973 1433 996 1496 li
1012 1434 1040 1498 .i.
1054 1455 1190 1517 parvum
1208 1459 1280 1519 vas3
1304 1436 1389 1500 stude

241 1540 429 1605 Marbodus:
460 1562 538 1622 quoe
559 1542 632 1604 solis
655 1541 755 1604 radiis
777 1541 811 1602 in
834 1560 917 1620 cccco
938 1540 1071 1604 subacto
1093 1542 1218 1606 catillo?
1256 1543 1390 1608 Praeter

242 1648 327 1713 lianc
350 1649 448 1712 etiam
477 1649 557 1712 duae
589 1670 670 1733 quae
699 1646 783 1730 apud
808 1644 1007 1730 scaligerum
1036 1649 1234 1731 praecedunt
1261 1650 1389 1732 glossae

243 1756 389 1840 aliaeque
413 1756 532 1819 multae
556 1777 594 1818 ex
618 1755 730 1845 eodem
752 1754 843 1817 fonte
867 1753 988 1836 petitae
1012 1758 1100 1820 sunt:

372 1895 508 1966 Scaligeri
526 1895 670 1963 excerpta:
1033 1894 1185 1950 Osbernus:

243 2022 269 2071 p.
279 2008 401 2074 Ι698,34;
420 2001 549 2055 Venilia:
564 2000 649 2054 maris
659 2001 801 2055 exaestua·
830 2020 857 2070 p.
873 2007 937 2056 604:
985 2045 990 2054 .
1003 2043 1008 2054 .
1022 2002 1108 2062 ‚haec
1116 2003 1228 2072 venilia,
1243 2019 1275 2057 ae
1292 2003 1317 2057 .i.
1332 2021 1389 2056 rna-

455 2089 509 2157 tio,
529 2106 600 2158 quae
618 2090 654 2143 ad
672 2089 739 2143 litus
754 2106 802 2143 ve·
1007 2091 1044 2144 ris
1064 2092 1238 2146 exaestuatio
1264 2109 1335 2161 quae
1354 2093 1390 2145 ad

456 2178 506 2232 nit.
547 2178 649 2232 Varro:
668 2177 801 2246 Venilia,
1009 2179 1075 2233 litus
1094 2181 1184 2247 venit3
1204 2169 1277 2235 unde
1287 2180 1389 2235 Varro:

456 2268 533 2321 unda
563 2283 634 2336 quae
667 2267 703 2320 ad
734 2267 803 2320 litus
1008 2269 1113 2323 venilia
1127 2272 1178 2336 est,
1195 2269 1296 2338 inquit,
1315 2270 1391 2323 unda

454 2358 540 2412 venit.
579 2356 702 2425 Salacia,
731 2373 803 2424 quae
1010 2375 1081 2426 quae
1101 2359 1137 2412 ad
1156 2359 1223 2413 litus
1238 2358 1328 2427 venit,
1348 2375 1389 2412 sa-

457 2447 493 2499 ad
512 2462 588 2500 mare
607 2446 681 2500 redit
1008 2446 1082 2501 laoia
1105 2463 1179 2516 quae
1197 2447 1233 2500 ad
1252 2464 1328 2501 mare
1348 2465 1389 2502 re-

1009 2535 1080 2606 dit⁸)

242 2643 270 2694 p.
286 2631 402 2694 698,37:
422 2623 608 2692 Veneripetat
626 2623 781 2678 luxuriosus
983 2623 1077 2678 Venus
1092 2625 1269 2694 componitur
1282 2626 1390 2680 veneri·

1007 2715 1081 2781 peta,
1100 2730 1132 2768 ae
1153 2714 1178 2767 .i.
1197 2714 1354 2768 lumniosus

243 2821 271 2871 p.
287 2810 346 2874 692,
357 2809 401 2858 19:
421 2803 591 2884 Pietatiurnc
609 2802 728 2873 epistola
741 2804 801 2858 bre·
830 2820 858 2872 p.
873 2803 961 2856 raab:
981 2801 1153 2857 Pictacium=
1168 2802 1288 2872 epistola
1298 2802 1390 2856 brevis

457 2893 499 2946 vis
519 2894 548 2947 et
565 2893 676 2948 modica
1009 2892 1038 2945 et
1056 2890 1166 2945 modica

421 2983 653 3051 Percartapserex
667 2982 749 3036 valde
762 2981 802 3035 di·
831 2999 857 3051 p.
873 2986 959 3034 483a:
979 2981 1196 3050 Pereatapsere=
1216 2981 1299 3034 valde
1318 2980 1390 3034 deoi-

457 3071 552 3125 videre
1011 3069 1076 3124 dere

423 3159 558 3214 Petulusz
578 3176 665 3228 equus
684 3158 733 3228 qui
755 3159 804 3212 ha·
983 3159 1117 3213 Petulus:
1138 3175 1225 3228 equus
1244 3159 1292 3228 qui
1312 3159 1390 3212 albos

457 3249 507 3301 bet
525 3248 603 3302 albos
622 3249 709 3318 pedes
780 3320 781 3323 Ἰ
1010 3250 1098 3303 habet
1115 3249 1201 3318 pedes
1359 3239 1361 3242 ⁸
1396 3241 1399 3248 ²

421 3336 646 3392 Pietatiuncula=
665 3338 804 3392 membra·
832 3357 858 3407 p.
874 3339 963 3393 483b:
982 3334 1217 3393 Pictaciunculaz
1254 3337 1390 3391 membra·

460 3442 497 3478 na
1010 3426 1078 3480 nula

321 3643 341 3712 1)
359 3644 452 3712 Atque
476 3607 563 3696 talem
586 3642 699 3712 quidem
722 3642 826 3696 librum
845 3640 970 3712 Scaliger
989 3641 1131 3711 adhibuit,
1154 3641 1258 3710 inquo
1278 3639 1390 3727 ‘repeti-

244 3733 347 3787 tiones'
369 3748 425 3786 non
444 3733 580 3801 deessent.

320 3821 339 3888 ²)
359 3822 457 3890 ltaque
476 3820 633 3890 paullulum
652 3822 855 3891 promovendus
875 3824 917 3876 est
936 3822 1072 3876 terminus
1091 3821 1127 3875 ab
1141 3813 1263 3874 Usenero
1282 3819 1312 3873 in
1330 3819 1391 3872 Mu-

246 3911 286 3966 sei
308 3910 436 3965 Rhenani
458 3912 478 3966 t.
494 3909 587 3964 XXIII
606 3911 646 3978 (a.
662 3914 742 3981 1868)
761 3929 788 3980 p.
804 3917 854 3965 491
875 3911 1055 3965 constitutus:
1081 3910 1100 3964 ‘.
1113 3951 1135 3964 ..
1156 3908 1246 3963 sicher
1263 3908 1329 3962 f'allt
1346 3908 1392 3961 die
1476 3971 1480 3980 .

245 3998 492 4069 Entstehuugszeit
520 3999 590 4054 aller
618 4000 667 4054 der
694 3999 835 4069 Glossare‚
865 4000 910 4055 die
933 3999 1086 4055 Vulcanius
1113 4000 1251 4054 benutzen
1278 3999 1391 4066 konnte,

246 4090 341 4144 nicht
368 4090 483 4158 sp'ater
507 4088 558 4141 als
582 4087 639 4142 das
662 4088 784 4142 zehnte
806 4089 1052 4155 Jahrhundert3
1079 4089 1120 4142 im
1142 4103 1257 4156 grossen
1280 4087 1391 4142 Ganzen

245 4181 322 4234 kann
339 4196 406 4234 man
425 4166 507 4248 sogar
526 4177 575 4230 das
594 4176 675 4230 achte
700 4178 742 4231 als
760 4175 865 4233 Grenze
888 4195 1010 4248 neuneu,
1034 4180 1101 4233 aber
1124 4177 1247 4232 einzelne
1266 4176 1392 4230 Glossare

248 4268 332 4322 sehen
351 4267 403 4322 wir
421 4268 492 4321 doch
511 4265 555 4321 bis
573 4265 625 4318 in's
644 4265 743 4320 zehnte
762 4266 953 4322 Jahrhundert
970 4267 1067 4322 hinein
1086 4266 1173 4320 durch
1192 4266 1307 4320 Zusittze
1325 4265 1392 4318 fort·

247 4356 379 4425 gafahis?

321 4445 340 4515 ³)
360 4444 431 4498 Vide
449 4445 583 4498 Actorum
603 4461 656 4499 soc.
676 4445 746 4513 phil.
765 4445 839 4515 Lips.
860 4447 880 4499 t.
900 4446 924 4499 V
943 4465 972 4515 μ·
992 4452 1049 4499 342-
1064 4436 1129 4499 eta.
1146 4446 1183 4499 ΠΙ
1203 4462 1229 4513 p.
1246 4445 1277 4502 ll.
