3192 5126
627 336 781 400 -405
828 373 868 382 —

175 493 321 580 Scaliger
347 494 497 559 ‘Isidori'
521 495 651 579 glossae
676 494 840 559 ‘calenum
865 494 974 559 vinus'
1003 495 1188 580 adscripsit:
1222 499 1318 580 atque

175 591 301 666 ‘vinus'
334 601 477 686 quidem,
507 625 573 667 non
605 601 758 685 ‘vinum',
786 606 875 665 certa
903 601 941 665 de
974 600 1107 666 ratione.
1154 601 1319 680 Calenum,

173 708 234 772 hoc
262 713 312 772 est
335 731 391 773 vas
416 732 435 773 a
459 707 593 774 Calibus
617 709 697 772 urbe
721 708 858 786 dictum,
886 729 901 772 c
924 707 1052 771 litterae
1081 730 1161 774 sono
1189 709 1316 773 mollito

172 815 206 878 in
228 814 383 900 galenum
404 816 543 880 formam
566 815 739 880 transiisse
762 815 901 881 videtur.

215 939 380 1006 Marcidus
398 961 458 1022 pro
480 941 636 1005 neuradas
657 940 809 1021 antiqui

172 1063 225 1130 Sic
248 1065 365 1148 scripsi
388 1086 447 1147 pro
472 1085 509 1127 eo
533 1064 619 1147 quod
642 1065 677 1128 in
699 1064 859 1149 glossario
884 1061 1066 1158 Salomonis
1090 1064 1243 1130 f.136vb
1268 1070 1317 1131 est

168 1173 335 1236 innuendas
359 1193 417 1253 pro
445 1173 611 1236 aaronitas
637 1173 772 1256 antiqua
803 1171 1002 1253 Pomponius
1026 1172 1113 1235 enim
1136 1172 1195 1236 inc.
1218 1173 1315 1257 frgm.

169 1277 232 1341 XII
257 1275 301 1362 (p.
321 1277 452 1344 aaron
471 1275 595 1363 Ribb.²)
618 1281 702 1342 teste
721 1276 914 1362 Augustino.
931 1276 1039 1340 ‘nimis
1063 1278 1258 1343 desidiosum
1282 1283 1314 1343 et

169 1384 385 1449 inactuosum’
405 1385 580 1449 muranum
599 1384 694 1468 dixit,
717 1387 812 1468 atque
833 1384 958 1448 exstitit
974 1383 1033 1447 dea
1046 1385 1203 1449 Murcido.
1233 1384 1314 1449 Con·

1340 927 1345 962 l

168 1492 246 1556 cedo
273 1492 451 1558 formarum
479 1492 655 1556 latinarum
684 1513 705 1554 u
728 1496 760 1556 et
783 1513 805 1555 n
828 1491 940 1556 eodem
969 1490 1064 1555 modo
1093 1491 1314 1556 exhibentium

150 1622 228 1683 par
251 1622 301 1663 me
324 1599 470 1682 proferre
493 1621 558 1663 non
582 1621 687 1682 posse.

211 1725 358 1806 chistaz
382 1743 437 1787 aas
456 1723 615 1786 uncriunn
638 1723 788 1803 antiqui
810 1723 857 1785 ita
879 1723 1102 1803 nuncupabant

167 1847 244 1912 cod.
259 1846 495 1912 Ambrosianus
519 1845 546 1908 Β
562 1847 604 1911 36
623 1846 679 1909 inf.
698 1844 872 1933 (lepiscum)
896 1849 932 1937 et
952 1845 1147 1930 glossarium
1168 1845 1312 1913 Saloma-

165 1955 217 2018 nis
240 1941 406 2039 (tenuent.
448 1953 576 2037 Lepnsta
598 1974 675 2016 voce
704 1975 781 2016 usus
807 1956 856 2016 est
878 1952 1022 2018 Naevius
1051 1957 1083 2016 et
1112 1954 1312 2036 saepiuscule

165 2061 271 2126 Varro
300 2060 355 2144 (cf.
379 2061 417 2125 de
441 2061 460 2124 l.
483 2060 503 2124 l.
532 2057 572 2142 V,
598 2059 674 2142 1233
706 2059 792 2142 apud
819 2059 963 2124 Nonium
991 2082 1022 2142 p.
1047 2059 1122 2143 547,
1140 2061 1196 2146 203
1227 2062 1311 2144 apud
1361 2088 1365 2097 ¹

165 2168 365 2233 Priscianum
388 2190 419 2250 p.
438 2168 518 2250 5143
547 2165 591 2229 in'
606 2165 737 2230 scholiis
757 2163 997 2230 Veronensibus
1023 2165 1063 2228 ad
1086 2164 1225 2250 Vergilii
1248 2167 1311 2231 Bu-

166 2275 289 2340 colicon
304 2274 377 2357 VII,
392 2272 458 2360 33).
494 2273 628 2339 Glossas
642 2274 810 2358 praetcrea
824 2273 903 2337 duas
917 2272 994 2336 novi
1009 2271 1183 2337 Philoxeni
1196 2295 1227 2356 p.
1240 2275 1312 2359 130,

165 2383 220 2447 55:
250 2383 405 2464 lapisto:
430 2381 515 2447 εἶδος
540 2383 656 2461 χύτρα(
680 2377 820 2465 (lepistru
839 2379 921 2463 cod.)
945 2381 978 2442 et
1001 2377 1120 2442 codicis
1143 2378 1310 2445 Leidensis
1354 2455 1356 2458 ¹

164 2489 205 2552 67
212 2489 239 2552 E
263 2488 285 2552 f.
304 2489 405 2553 36Va:
429 2489 583 2570 lapisto:
604 2508 700 2570 penus
723 2487 819 2569 uasis,
842 2506 924 2570 quae
948 2483 1075 2567 plenior
1099 2489 1207 2550 exstat
1226 2487 1310 2571 apud
1340 2559 1347 2572 ,

163 2594 296 2659 Festum
319 2594 413 2659 Pauli
435 2618 465 2679 p.
487 2595 559 2679 115,
573 2596 608 2658 6:
633 2593 783 2676 ‘lepistaz
807 2612 908 2676 genus
932 2591 1019 2656 vasis
1044 2591 1209 2676 aquarii’
1218 2593 1253 2678 ¹).

190 2696 445 2802 'aruncuuuz
471 2725 587 2800 tenpus
608 2709 695 2782 inter¹
711 2719 806 2800 finem
827 2719 924 2782 noctu
946 2723 976 2780 ct
993 2719 1120 2781 initium
1142 2719 1219 2794 dicu
1243 2739 1309 2782 au·
1397 2691 1407 2712 ο

323 2827 422 2907 tiqui
444 2826 699 2906 antunuepeuuun
722 2824 850 2888 dunum
867 2823 1031 2888 uocabant:
1054 2825 1135 2888 nunde
1157 2829 1185 2900 et
1207 2825 1308 2905 ipsun

323 2937 439 3014 tempu
461 2933 670 3014 nemusculum
692 2932 850 3014 dinuunt,
872 2931 907 2994 in
929 2925 1180 3013 quadrabantur,
1202 2933 1308 2994 utrum

322 3040 387 3105 dies
409 3039 508 3104 when
530 3040 636 3104 sitan
659 3058 721 3103 uon

162 3162 238 3228 Non
260 3166 382 3229 multae
406 3165 536 3249 glossae
558 3167 627 3227 tam
655 3163 800 3245 prolixae
824 3166 909 3227 sunt.
954 3163 1121 3229 Traditum
1149 3164 1249 3228 habes
1273 3167 1305 3228 in

162 3273 268 3337 codice
293 3269 528 3356 Amploniano²
557 3272 639 3336 ined.
668 3294 697 3354 p.
722 3271 800 3353 290,
819 3269 960 3354 291s292
992 3267 1093 3354 (intra
1178 3272 1247 3335 inda
1270 3321 1307 3336 ..

160 3381 332 3462 crepusculo
359 3377 465 3465 ποοῦ),
497 3378 565 3444 cod.
589 3377 751 3443 Vossiano
774 3376 844 3441 Fol.
863 3378 907 3441 24
930 3374 982 3462 (en
1004 3378 1071 3459 apso
1096 3383 1225 3460 tenpore
1247 3400 1307 3442 cre-

154 3488 320 3569 pusculum
341 3487 473 3551 diuma
493 3535 522 3550 ..
541 3486 583 3550 sit
598 3483 725 3570 adbuc);
749 3483 837 3566 apud
851 3481 1108 3548 Hildebrandum
1128 3507 1158 3567 p.
1173 3485 1225 3565 84,
1240 3486 1306 3548 485

160 3591 245 3677 (inde
259 3599 287 3657 et
299 3593 335 3677 P,
352 3594 424 3658 inda
438 3612 474 3656 en
487 3591 527 3656 L:
547 3591 687 3655 Parisini
706 3590 963 3655 additamentum
981 3591 1195 3656 ΛΥΙΕΟΦω(
1215 3591 1304 3655 ΟΡΕ-

161 3699 235 3764 ΡΟ(
254 3699 319 3762 iam
333 3696 576 3762 Hildebrandus
596 3698 629 3760 in
647 3697 810 3777 λυκόφωε,
834 3695 950 3775 ὄρθρος
969 3694 1130 3782 mutavit),
1155 3719 1193 3760 ex
1212 3700 1304 3778 parte

159 3805 257 3868 etiam
279 3805 315 3868 in
338 3804 499 3887 glossario
515 3801 708 3868 Salomonis.
744 3802 1000 3886 Caeparius-vocis
1019 3804 1241 3887 exemplorum
1265 3827 1303 3868 ex

158 3910 300 3994 antiquis
328 3911 505 3994 petitorum
532 3911 658 3995 largam
688 3910 814 3994 copiam
841 3908 969 3975 Nonius
993 3931 1023 3992 p.
1050 3910 1165 3994 13,12
1199 3933 1302 3974 serva·

159 4018 215 4082 vit.
259 4017 407 4081 Eandem
430 4022 527 4102 atque
551 4018 660 4102 glossa
681 4039 778 4101 supra
797 4017 958 4100 exscripta
982 4017 1175 4082 sententiam
1195 4017 1301 4082 Varro

158 4123 342 4208 proposuit,
365 4123 455 4188 cuius
479 4124 517 4188 de
541 4124 560 4188 l.
584 4124 604 4188 l.
627 4122 721 4208 V1,5
744 4123 824 4187 haec
847 4124 959 4189 verba:
983 4122 1036 4187 ‘ab
1061 4145 1098 4188 eo
1122 4145 1173 4187 res
1197 4124 1301 4188 dictae

232 4370 251 4439 ¹)
270 4371 436 4425 Addendum
454 4372 498 4425 est
516 4371 570 4426 hoc
588 4371 746 4440 exemplum
765 4369 813 4437 eis,
832 4370 932 4439 quibus
951 4370 1055 4424 codicis
1070 4369 1213 4425 Leidensis
1233 4368 1298 4426 an

157 4459 321 4532 glossarium
341 4477 356 4518 e
375 4461 458 4516 Festo
476 4459 568 4533 petita
586 4459 728 4518 continere
747 4475 832 4532 supra
850 4477 877 4532 p.
899 4465 948 4518 146
967 4458 1227 4518 demonstravimus.
