<?xml version="1.0" encoding="UTF-8"?>
<!DOCTYPE html PUBLIC "-//W3C//DTD XHTML 1.0 Transitional//EN"
    "http://www.w3.org/TR/xhtml1/DTD/xhtml1-transitional.dtd">
<html xmlns="http://www.w3.org/1999/xhtml" xml:lang="en" lang="en">
 <head>
  <title>
</title>
<meta http-equiv="Content-Type" content="text/html;charset=utf-8" />
  <meta name='ocr-system' content='tesseract 3.04.00' />
  <meta name='ocr-capabilities' content='ocr_page ocr_carea ocr_par ocr_line ocrx_word'/>
</head>
<body>
  <div class='ocr_page' id='page_1' title='image "./prodromvscorpor00loewgoog/prodromvscorpor00loewgoog_0122.png"; bbox 0 0 3216 5126; ppageno 0'>
   <div class='ocr_carea' id='block_1_1' title="bbox 646 355 889 419">
    <p class='ocr_par' dir='ltr' id='par_1_1' title="bbox 646 355 889 419">
     <span class='ocr_line' id='line_1_1' title="bbox 646 355 889 419; baseline 0.004 -1"><span class='ocrx_word' id='word_1_1' title='bbox 646 355 889 419; x_wconf 89' lang='lat'>—101-</span> 
     </span>
    </p>
   </div>
   <div class='ocr_carea' id='block_1_2' title="bbox 163 513 1378 1876">
    <p class='ocr_par' dir='ltr' id='par_1_2' title="bbox 163 513 1378 1876">
     <span class='ocr_line' id='line_1_2' title="bbox 191 513 1338 599; baseline 0.004 -21"><span class='ocrx_word' id='word_1_2' title='bbox 191 514 287 578; x_wconf 88' lang='lat' dir='ltr'><strong>huius</strong></span> <span class='ocrx_word' id='word_1_3' title='bbox 306 513 393 580; x_wconf 91' lang='lat' dir='ltr'><strong>modi</strong></span> <span class='ocrx_word' id='word_1_4' title='bbox 408 514 561 598; x_wconf 79' lang='lat' dir='ltr'>glossam,</span> <span class='ocrx_word' id='word_1_5' title='bbox 582 514 620 578; x_wconf 91' lang='lat' dir='ltr'><strong>de</strong></span> <span class='ocrx_word' id='word_1_6' title='bbox 640 537 704 599; x_wconf 90' lang='lat' dir='ltr'><strong>qua</strong></span> <span class='ocrx_word' id='word_1_7' title='bbox 722 537 788 579; x_wconf 93' lang='lat' dir='ltr'><strong>non</strong></span> <span class='ocrx_word' id='word_1_8' title='bbox 807 515 982 581; x_wconf 87' lang='lat' dir='ltr'><strong>dubitabis.</strong></span> <span class='ocrx_word' id='word_1_9' title='bbox 1012 515 1143 580; x_wconf 84' lang='lat' dir='ltr'><strong>Etenim</strong></span> <span class='ocrx_word' id='word_1_10' title='bbox 1158 516 1186 580; x_wconf 90' lang='lat' dir='ltr'><strong>si</strong></span> <span class='ocrx_word' id='word_1_11' title='bbox 1200 515 1338 583; x_wconf 87' lang='lat' dir='ltr'><strong>Paulum</strong></span> 
     </span>
     <span class='ocr_line' id='line_1_3' title="bbox 190 618 1338 707; baseline 0.003 -23"><span class='ocrx_word' id='word_1_12' title='bbox 190 645 220 704; x_wconf 91' lang='lat' dir='ltr'><strong>p.</strong></span> <span class='ocrx_word' id='word_1_13' title='bbox 246 620 354 704; x_wconf 79' lang='lat'><strong>175,5</strong></span> <span class='ocrx_word' id='word_1_14' title='bbox 388 619 501 685; x_wconf 75' lang='lat' dir='ltr'><strong>‘noxia</strong></span> <span class='ocrx_word' id='word_1_15' title='bbox 532 621 616 704; x_wconf 91' lang='lat' dir='ltr'><strong>apud</strong></span> <span class='ocrx_word' id='word_1_16' title='bbox 647 621 798 706; x_wconf 91' lang='lat' dir='ltr'><strong>antiquos</strong></span> <span class='ocrx_word' id='word_1_17' title='bbox 831 623 984 688; x_wconf 92' lang='lat' dir='ltr'><strong>damnum</strong></span> <span class='ocrx_word' id='word_1_18' title='bbox 1017 618 1249 707; x_wconf 86' lang='lat' dir='ltr'><strong>significabat&#39;,</strong></span> <span class='ocrx_word' id='word_1_19' title='bbox 1281 625 1338 690; x_wconf 92' lang='lat' dir='ltr'><strong>ubi</strong></span> 
     </span>
     <span class='ocr_line' id='line_1_4' title="bbox 191 727 1378 814; baseline 0.003 -24"><span class='ocrx_word' id='word_1_20' title='bbox 191 727 280 792; x_wconf 88' lang='lat' dir='ltr'><strong>Festi</strong></span> <span class='ocrx_word' id='word_1_21' title='bbox 302 751 331 810; x_wconf 91' lang='lat' dir='ltr'><strong>p.</strong></span> <span class='ocrx_word' id='word_1_22' title='bbox 358 727 447 792; x_wconf 80' lang='lat' dir='ltr'><strong>174a</strong></span> <span class='ocrx_word' id='word_1_23' title='bbox 461 727 503 792; x_wconf 76' lang='lat'><strong>32</strong></span> <span class='ocrx_word' id='word_1_24' title='bbox 530 727 611 791; x_wconf 87' lang='lat' dir='ltr'><strong>haec</strong></span> <span class='ocrx_word' id='word_1_25' title='bbox 633 728 733 791; x_wconf 89' lang='lat' dir='ltr'><strong>verba</strong></span> <span class='ocrx_word' id='word_1_26' title='bbox 756 731 885 793; x_wconf 89' lang='lat' dir='ltr'><strong>servata</strong></span> <span class='ocrx_word' id='word_1_27' title='bbox 913 733 1000 794; x_wconf 91' lang='lat' dir='ltr'><strong>sunt:</strong></span> <span class='ocrx_word' id='word_1_28' title='bbox 1030 728 1049 793; x_wconf 61' lang='grc' dir='ltr'>ἵ</span> <span class='ocrx_word' id='word_1_29' title='bbox 1064 779 1093 795; x_wconf 92' lang='grc'><strong>..</strong></span> <span class='ocrx_word' id='word_1_30' title='bbox 1115 732 1153 793; x_wconf 91' lang='lat' dir='ltr'><strong>ut</strong></span> <span class='ocrx_word' id='word_1_31' title='bbox 1176 727 1242 794; x_wconf 82' lang='lat' dir='ltr'><strong>Ser.</strong></span> <span class='ocrx_word' id='word_1_32' title='bbox 1267 728 1338 794; x_wconf 80' lang='lat' dir='ltr'><strong>Sul·</strong></span> <span class='ocrx_word' id='word_1_33' title='bbox 1375 808 1378 814; x_wconf 23' lang='grc' dir='ltr'>Ι</span> 
     </span>
     <span class='ocr_line' id='line_1_5' title="bbox 191 832 1339 918; baseline 0.003 -21"><span class='ocrx_word' id='word_1_34' title='bbox 191 833 294 918; x_wconf 91' lang='lat' dir='ltr'><strong>picius</strong></span> <span class='ocrx_word' id='word_1_35' title='bbox 314 832 432 899; x_wconf 83' lang='lat' dir='ltr'><strong>Ru...&#39;</strong></span> <span class='ocrx_word' id='word_1_36' title='bbox 457 840 489 897; x_wconf 91' lang='lat' dir='ltr'><strong>et</strong></span> <span class='ocrx_word' id='word_1_37' title='bbox 507 833 640 898; x_wconf 88' lang='lat' dir='ltr'><strong>Festum</strong></span> <span class='ocrx_word' id='word_1_38' title='bbox 664 857 694 916; x_wconf 92' lang='lat' dir='ltr'><strong>p.</strong></span> <span class='ocrx_word' id='word_1_39' title='bbox 714 835 805 899; x_wconf 74' lang='lat'>3221&gt;</span> <span class='ocrx_word' id='word_1_40' title='bbox 823 837 864 899; x_wconf 88' lang='grc'><strong>14</strong></span> <span class='ocrx_word' id='word_1_41' title='bbox 888 834 1019 900; x_wconf 72' lang='lat' dir='ltr'><strong>‘sarcito</strong></span> <span class='ocrx_word' id='word_1_42' title='bbox 1042 835 1077 899; x_wconf 92' lang='lat' dir='ltr'><strong>in</strong></span> <span class='ocrx_word' id='word_1_43' title='bbox 1099 833 1162 900; x_wconf 88' lang='lat' dir='ltr'><strong>XII</strong></span> <span class='ocrx_word' id='word_1_44' title='bbox 1181 833 1248 901; x_wconf 81' lang='lat' dir='ltr'><strong>Ser.</strong></span> <span class='ocrx_word' id='word_1_45' title='bbox 1269 835 1339 901; x_wconf 81' lang='lat' dir='ltr'><strong>Sul-</strong></span> 
     </span>
     <span class='ocr_line' id='line_1_6' title="bbox 190 940 1338 1027; baseline 0.003 -23"><span class='ocrx_word' id='word_1_46' title='bbox 190 940 292 1024; x_wconf 88' lang='lat' dir='ltr'><strong>picius</strong></span> <span class='ocrx_word' id='word_1_47' title='bbox 317 940 363 1004; x_wconf 89' lang='lat' dir='ltr'><strong>ait</strong></span> <span class='ocrx_word' id='word_1_48' title='bbox 386 940 569 1026; x_wconf 90' lang='lat' dir='ltr'><strong>significare</strong></span> <span class='ocrx_word' id='word_1_49' title='bbox 592 941 746 1005; x_wconf 87' lang='lat' dir='ltr'><strong>damnum</strong></span> <span class='ocrx_word' id='word_1_50' title='bbox 771 942 905 1024; x_wconf 90' lang='lat' dir='ltr'><strong>solvito,</strong></span> <span class='ocrx_word' id='word_1_51' title='bbox 924 940 1105 1025; x_wconf 87' lang='lat' dir='ltr'><strong>praestato&#39;</strong></span> <span class='ocrx_word' id='word_1_52' title='bbox 1130 963 1203 1006; x_wconf 91' lang='lat' dir='ltr'><strong>cum</strong></span> <span class='ocrx_word' id='word_1_53' title='bbox 1226 943 1338 1027; x_wconf 80' lang='lat' dir='ltr'>glossa</span> 
     </span>
     <span class='ocr_line' id='line_1_7' title="bbox 191 1046 1336 1116; baseline 0.003 -4"><span class='ocrx_word' id='word_1_54' title='bbox 191 1047 325 1113; x_wconf 71' lang='lat' dir='ltr'><strong>‘noxam</strong></span> <span class='ocrx_word' id='word_1_55' title='bbox 359 1048 498 1112; x_wconf 68' lang='lat' dir='ltr'><strong>sancitos</strong></span> <span class='ocrx_word' id='word_1_56' title='bbox 532 1048 685 1111; x_wconf 87' lang='lat' dir='ltr'><strong>damnum</strong></span> <span class='ocrx_word' id='word_1_57' title='bbox 716 1046 851 1112; x_wconf 90' lang='lat' dir='ltr'><strong>solvito&#39;</strong></span> <span class='ocrx_word' id='word_1_58' title='bbox 884 1049 918 1112; x_wconf 92' lang='lat' dir='ltr'><strong>in</strong></span> <span class='ocrx_word' id='word_1_59' title='bbox 949 1049 1056 1112; x_wconf 89' lang='lat' dir='ltr'><strong>codice</strong></span> <span class='ocrx_word' id='word_1_60' title='bbox 1087 1048 1144 1112; x_wconf 90' lang='lat' dir='ltr'><strong>illo</strong></span> <span class='ocrx_word' id='word_1_61' title='bbox 1173 1047 1336 1116; x_wconf 90' lang='lat' dir='ltr'><strong>Vossiano</strong></span> 
     </span>
     <span class='ocr_line' id='line_1_8' title="bbox 192 1150 1338 1240; baseline 0.002 -22"><span class='ocrx_word' id='word_1_62' title='bbox 192 1153 260 1240; x_wconf 87' lang='lat' dir='ltr'><strong>(ubi</strong></span> <span class='ocrx_word' id='word_1_63' title='bbox 288 1151 415 1240; x_wconf 81' lang='lat' dir='ltr'><strong>damno)</strong></span> <span class='ocrx_word' id='word_1_64' title='bbox 445 1156 477 1217; x_wconf 91' lang='lat' dir='ltr'><strong>et</strong></span> <span class='ocrx_word' id='word_1_65' title='bbox 505 1152 663 1238; x_wconf 90' lang='lat' dir='ltr'><strong>glossario</strong></span> <span class='ocrx_word' id='word_1_66' title='bbox 692 1150 872 1216; x_wconf 81' lang='lat' dir='ltr'><strong>Salomonis</strong></span> <span class='ocrx_word' id='word_1_67' title='bbox 900 1153 922 1217; x_wconf 85' lang='lat' dir='ltr'><strong>f.</strong></span> <span class='ocrx_word' id='word_1_68' title='bbox 949 1154 1056 1217; x_wconf 76' lang='lat' dir='ltr'><strong>142²b</strong></span> <span class='ocrx_word' id='word_1_69' title='bbox 1085 1152 1204 1238; x_wconf 77' lang='lat' dir='ltr'><strong>(sortito</strong></span> <span class='ocrx_word' id='word_1_70' title='bbox 1231 1157 1338 1238; x_wconf 81' lang='lat' dir='ltr'><strong>dunip-</strong></span> 
     </span>
     <span class='ocr_line' id='line_1_9' title="bbox 190 1257 1338 1346; baseline 0 -20"><span class='ocrx_word' id='word_1_71' title='bbox 190 1282 281 1326; x_wconf 81' lang='lat' dir='ltr'><strong>aum:</strong></span> <span class='ocrx_word' id='word_1_72' title='bbox 313 1260 347 1324; x_wconf 93' lang='lat' dir='ltr'><strong>in</strong></span> <span class='ocrx_word' id='word_1_73' title='bbox 373 1260 436 1325; x_wconf 89' lang='lat' dir='ltr'><strong>hoc</strong></span> <span class='ocrx_word' id='word_1_74' title='bbox 463 1260 545 1325; x_wconf 92' lang='lat' dir='ltr'><strong>illud</strong></span> <span class='ocrx_word' id='word_1_75' title='bbox 575 1261 740 1342; x_wconf 91' lang='lat' dir='ltr'><strong>receptum</strong></span> <span class='ocrx_word' id='word_1_76' title='bbox 774 1281 843 1323; x_wconf 89' lang='lat' dir='ltr'><strong>esse</strong></span> <span class='ocrx_word' id='word_1_77' title='bbox 876 1282 952 1324; x_wconf 86' lang='lat' dir='ltr'><strong>mox</strong></span> <span class='ocrx_word' id='word_1_78' title='bbox 985 1257 1185 1346; x_wconf 76' lang='lat' dir='ltr'><strong>docebimus)</strong></span> <span class='ocrx_word' id='word_1_79' title='bbox 1217 1261 1338 1327; x_wconf 89' lang='lat' dir='ltr'><strong>tradita</strong></span> 
     </span>
     <span class='ocr_line' id='line_1_10' title="bbox 191 1365 1335 1451; baseline 0 -18"><span class='ocrx_word' id='word_1_80' title='bbox 191 1367 379 1451; x_wconf 88' lang='lat' dir='ltr'><strong>contuleris,</strong></span> <span class='ocrx_word' id='word_1_81' title='bbox 401 1366 536 1450; x_wconf 88' lang='lat' dir='ltr'><strong>planum</strong></span> <span class='ocrx_word' id='word_1_82' title='bbox 560 1365 621 1430; x_wconf 90' lang='lat' dir='ltr'><strong>erit</strong></span> <span class='ocrx_word' id='word_1_83' title='bbox 645 1388 709 1450; x_wconf 93' lang='lat' dir='ltr'><strong>quo</strong></span> <span class='ocrx_word' id='word_1_84' title='bbox 733 1367 877 1450; x_wconf 79' lang='lat' dir='ltr'><strong>glossam</strong></span> <span class='ocrx_word' id='word_1_85' title='bbox 898 1366 1029 1430; x_wconf 84' lang='lat' dir='ltr'><strong>referas.</strong></span> <span class='ocrx_word' id='word_1_86' title='bbox 1064 1365 1140 1431; x_wconf 93' lang='lat' dir='ltr'><strong>Non</strong></span> <span class='ocrx_word' id='word_1_87' title='bbox 1165 1368 1335 1433; x_wconf 89' lang='lat' dir='ltr'><strong>mediocris</strong></span> 
     </span>
     <span class='ocr_line' id='line_1_11' title="bbox 190 1473 1336 1558; baseline 0.002 -20"><span class='ocrx_word' id='word_1_88' title='bbox 190 1475 266 1539; x_wconf 93' lang='lat' dir='ltr'><strong>hinc</strong></span> <span class='ocrx_word' id='word_1_89' title='bbox 293 1474 416 1540; x_wconf 90' lang='lat' dir='ltr'><strong>accedit</strong></span> <span class='ocrx_word' id='word_1_90' title='bbox 441 1474 504 1538; x_wconf 92' lang='lat' dir='ltr'><strong>toti</strong></span> <span class='ocrx_word' id='word_1_91' title='bbox 532 1473 582 1536; x_wconf 93' lang='lat' dir='ltr'><strong>illi</strong></span> <span class='ocrx_word' id='word_1_92' title='bbox 610 1473 772 1558; x_wconf 90' lang='lat' dir='ltr'><strong>glossario</strong></span> <span class='ocrx_word' id='word_1_93' title='bbox 798 1473 892 1557; x_wconf 91' lang='lat' dir='ltr'><strong>fides,</strong></span> <span class='ocrx_word' id='word_1_94' title='bbox 927 1473 983 1537; x_wconf 90' lang='lat' dir='ltr'><strong>ubi</strong></span> <span class='ocrx_word' id='word_1_95' title='bbox 1010 1496 1076 1537; x_wconf 92' lang='lat' dir='ltr'><strong>non</strong></span> <span class='ocrx_word' id='word_1_96' title='bbox 1104 1473 1221 1538; x_wconf 77' lang='lat' dir='ltr'><strong>desunt</strong></span> <span class='ocrx_word' id='word_1_97' title='bbox 1253 1476 1336 1540; x_wconf 91' lang='lat' dir='ltr'><strong>aliae</strong></span> 
     </span>
     <span class='ocr_line' id='line_1_12' title="bbox 163 1579 1334 1666; baseline 0 -20"><span class='ocrx_word' id='word_1_98' title='bbox 163 1607 167 1628; x_wconf 78' lang='lat'><em>¹</em></span> <span class='ocrx_word' id='word_1_99' title='bbox 189 1583 316 1666; x_wconf 91' lang='lat' dir='ltr'><strong>glossae</strong></span> <span class='ocrx_word' id='word_1_100' title='bbox 340 1581 380 1645; x_wconf 92' lang='lat' dir='ltr'><strong>ad</strong></span> <span class='ocrx_word' id='word_1_101' title='bbox 408 1580 536 1644; x_wconf 89' lang='lat' dir='ltr'><strong>easdem</strong></span> <span class='ocrx_word' id='word_1_102' title='bbox 560 1579 649 1664; x_wconf 89' lang='lat' dir='ltr'><strong>leges</strong></span> <span class='ocrx_word' id='word_1_103' title='bbox 673 1582 710 1643; x_wconf 92' lang='lat' dir='ltr'><strong>ut</strong></span> <span class='ocrx_word' id='word_1_104' title='bbox 738 1579 889 1644; x_wconf 91' lang='lat' dir='ltr'><strong>videntur</strong></span> <span class='ocrx_word' id='word_1_105' title='bbox 913 1583 1111 1664; x_wconf 90' lang='lat' dir='ltr'><strong>spectantes,</strong></span> <span class='ocrx_word' id='word_1_106' title='bbox 1140 1580 1230 1643; x_wconf 91' lang='lat' dir='ltr'><strong>velut</strong></span> <span class='ocrx_word' id='word_1_107' title='bbox 1258 1579 1334 1646; x_wconf 75' lang='lat' dir='ltr'><strong>‘cal-</strong></span> 
     </span>
     <span class='ocr_line' id='line_1_13' title="bbox 188 1684 1333 1771; baseline 0.002 -21"><span class='ocrx_word' id='word_1_108' title='bbox 188 1687 292 1750; x_wconf 80' lang='lat' dir='ltr'><strong>vitur:</strong></span> <span class='ocrx_word' id='word_1_109' title='bbox 315 1688 500 1770; x_wconf 86' lang='lat' dir='ltr'><strong>frustratur,</strong></span> <span class='ocrx_word' id='word_1_110' title='bbox 524 1684 681 1751; x_wconf 91' lang='lat' dir='ltr'><strong>moratur&#39;</strong></span> <span class='ocrx_word' id='word_1_111' title='bbox 706 1686 747 1749; x_wconf 90' lang='lat' dir='ltr'><strong>ad</strong></span> <span class='ocrx_word' id='word_1_112' title='bbox 770 1686 876 1771; x_wconf 89' lang='lat' dir='ltr'><strong>legem</strong></span> <span class='ocrx_word' id='word_1_113' title='bbox 900 1687 985 1770; x_wconf 89' lang='lat' dir='ltr'><strong>apud</strong></span> <span class='ocrx_word' id='word_1_114' title='bbox 1008 1686 1142 1750; x_wconf 78' lang='lat' dir='ltr'><strong>Festum</strong></span> <span class='ocrx_word' id='word_1_115' title='bbox 1160 1709 1190 1770; x_wconf 92' lang='lat' dir='ltr'><strong>p.</strong></span> <span class='ocrx_word' id='word_1_116' title='bbox 1210 1687 1333 1752; x_wconf 79' lang='lat' dir='ltr'><strong>313a6</strong></span> 
     </span>
     <span class='ocr_line' id='line_1_14' title="bbox 189 1791 1301 1876; baseline 0.002 -20"><span class='ocrx_word' id='word_1_117' title='bbox 189 1795 352 1858; x_wconf 88' lang='lat' dir='ltr'><strong>servatam</strong></span> <span class='ocrx_word' id='word_1_118' title='bbox 376 1792 415 1856; x_wconf 74' lang='lat' dir='ltr'><strong>‘si</strong></span> <span class='ocrx_word' id='word_1_119' title='bbox 439 1792 608 1857; x_wconf 76' lang='lat' dir='ltr'><strong>calvitur</strong></span> <span class='ocrx_word' id='word_1_120' title='bbox 631 1791 786 1875; x_wconf 84' lang='lat' dir='ltr'><strong>pedemve</strong></span> <span class='ocrx_word' id='word_1_121' title='bbox 811 1791 921 1876; x_wconf 90' lang='lat' dir='ltr'><strong>struit,</strong></span> <span class='ocrx_word' id='word_1_122' title='bbox 944 1815 1077 1857; x_wconf 90' lang='lat' dir='ltr'><strong>manum</strong></span> <span class='ocrx_word' id='word_1_123' title='bbox 1101 1793 1301 1859; x_wconf 71' lang='lat' dir='ltr'><strong>endoiacito?</strong></span> 
     </span>
    </p>
   </div>
   <div class='ocr_carea' id='block_1_3' title="bbox 186 2003 1335 3054">
    <p class='ocr_par' dir='ltr' id='par_1_3' title="bbox 189 2003 1335 2197">
     <span class='ocr_line' id='line_1_15' title="bbox 276 2003 1335 2092; baseline 0.001 -21"><span class='ocrx_word' id='word_1_124' title='bbox 276 2005 332 2071; x_wconf 90' lang='lat' dir='ltr'><strong>VI.</strong></span> <span class='ocrx_word' id='word_1_125' title='bbox 355 2006 487 2071; x_wconf 86' lang='lat' dir='ltr'><strong>Praeter</strong></span> <span class='ocrx_word' id='word_1_126' title='bbox 502 2005 643 2070; x_wconf 91' lang='lat' dir='ltr'><strong>codicem</strong></span> <span class='ocrx_word' id='word_1_127' title='bbox 657 2004 870 2090; x_wconf 90' lang='lat' dir='ltr'><strong>Vossianum,</strong></span> <span class='ocrx_word' id='word_1_128' title='bbox 894 2006 948 2090; x_wconf 92' lang='lat' dir='ltr'><strong>qui</strong></span> <span class='ocrx_word' id='word_1_129' title='bbox 967 2005 1060 2091; x_wconf 87' lang='lat' dir='ltr'><strong>gravi</strong></span> <span class='ocrx_word' id='word_1_130' title='bbox 1078 2006 1194 2070; x_wconf 91' lang='lat' dir='ltr'><strong>lacuna</strong></span> <span class='ocrx_word' id='word_1_131' title='bbox 1202 2003 1228 2092; x_wconf 87' lang='grc'><strong>1)</strong></span> <span class='ocrx_word' id='word_1_132' title='bbox 1246 2010 1261 2071; x_wconf 90' lang='lat' dir='ltr'><strong>t</strong></span> <span class='ocrx_word' id='word_1_133' title='bbox 1300 2030 1335 2072; x_wconf 89' lang='lat' dir='ltr'><strong>n-</strong></span> 
     </span>
     <span class='ocr_line' id='line_1_16' title="bbox 189 2112 1089 2197; baseline 0.002 -21"><span class='ocrx_word' id='word_1_134' title='bbox 189 2118 279 2178; x_wconf 87' lang='lat' dir='ltr'><strong>catus</strong></span> <span class='ocrx_word' id='word_1_135' title='bbox 303 2116 366 2197; x_wconf 91' lang='lat' dir='ltr'><strong>est,</strong></span> <span class='ocrx_word' id='word_1_136' title='bbox 389 2113 449 2177; x_wconf 92' lang='lat' dir='ltr'><strong>hos</strong></span> <span class='ocrx_word' id='word_1_137' title='bbox 472 2112 548 2177; x_wconf 90' lang='lat' dir='ltr'><strong>novi</strong></span> <span class='ocrx_word' id='word_1_138' title='bbox 572 2113 746 2178; x_wconf 91' lang='lat' dir='ltr'><strong>earundem</strong></span> <span class='ocrx_word' id='word_1_139' title='bbox 769 2112 951 2197; x_wconf 86' lang='lat' dir='ltr'><strong>glossarum</strong></span> <span class='ocrx_word' id='word_1_140' title='bbox 975 2113 1089 2179; x_wconf 92' lang='lat' dir='ltr'><strong>libros:</strong></span> 
     </span>
    </p>

    <p class='ocr_par' dir='ltr' id='par_1_4' title="bbox 186 2218 1333 3062">
     <span class='ocr_line' id='line_1_17' title="bbox 278 2218 1332 2306; baseline 0.002 -23"><span class='ocrx_word' id='word_1_141' title='bbox 278 2219 311 2304; x_wconf 89' lang='lat'><strong>1)</strong></span> <span class='ocrx_word' id='word_1_142' title='bbox 339 2218 477 2284; x_wconf 86' lang='lat' dir='ltr'><strong>Useneri</strong></span> <span class='ocrx_word' id='word_1_143' title='bbox 498 2219 701 2302; x_wconf 79' lang='lat' dir='ltr'><strong>liberalitati,</strong></span> <span class='ocrx_word' id='word_1_144' title='bbox 728 2240 825 2302; x_wconf 91' lang='lat' dir='ltr'><strong>quam</strong></span> <span class='ocrx_word' id='word_1_145' title='bbox 854 2219 933 2284; x_wconf 90' lang='lat' dir='ltr'><strong>satis</strong></span> <span class='ocrx_word' id='word_1_146' title='bbox 961 2220 1094 2285; x_wconf 87' lang='lat' dir='ltr'><strong>laudare</strong></span> <span class='ocrx_word' id='word_1_147' title='bbox 1119 2241 1178 2306; x_wconf 90' lang='lat' dir='ltr'><strong>ego</strong></span> <span class='ocrx_word' id='word_1_148' title='bbox 1202 2221 1332 2305; x_wconf 88' lang='lat' dir='ltr'><strong>quidem</strong></span> 
     </span>
     <span class='ocr_line' id='line_1_18' title="bbox 186 2310 1333 2411; baseline 0 -20"><span class='ocrx_word' id='word_1_149' title='bbox 186 2349 325 2411; x_wconf 85' lang='lat' dir='ltr'><strong>nequeo,</strong></span> <span class='ocrx_word' id='word_1_150' title='bbox 354 2326 632 2392; x_wconf 89' lang='lat' dir='ltr'><strong>accuratissimum</strong></span> <span class='ocrx_word' id='word_1_151' title='bbox 659 2327 759 2398; x_wconf 85' lang='lat' dir='ltr'><strong>debeo</strong></span> <span class='ocrx_word' id='word_1_152' title='bbox 789 2326 908 2390; x_wconf 89' lang='lat' dir='ltr'><strong>codicis</strong></span> <span class='ocrx_word' id='word_1_153' title='bbox 941 2324 1120 2391; x_wconf 90' lang='lat' dir='ltr'><strong>Vaticani</strong></span> <span class='ocrx_word' id='word_1_154' title='bbox 1149 2310 1333 2391; x_wconf 77' lang='lat' dir='ltr'><strong>Christinae</strong></span> 
     </span>
     <span class='ocr_line' id='line_1_19' title="bbox 186 2432 1333 2520; baseline 0.001 -22"><span class='ocrx_word' id='word_1_155' title='bbox 186 2435 317 2520; x_wconf 89' lang='lat' dir='ltr'><strong>reginae</strong></span> <span class='ocrx_word' id='word_1_156' title='bbox 332 2432 430 2519; x_wconf 77' lang='lat'><strong>310²)</strong></span> <span class='ocrx_word' id='word_1_157' title='bbox 445 2434 664 2498; x_wconf 90' lang='lat' dir='ltr'><strong>summarium.</strong></span> <span class='ocrx_word' id='word_1_158' title='bbox 694 2432 755 2509; x_wconf 81' lang='lat' dir='ltr'><strong>Qui</strong></span> <span class='ocrx_word' id='word_1_159' title='bbox 774 2434 857 2498; x_wconf 90' lang='lat' dir='ltr'><strong>liber</strong></span> <span class='ocrx_word' id='word_1_160' title='bbox 875 2433 972 2498; x_wconf 91' lang='lat' dir='ltr'><strong>variis</strong></span> <span class='ocrx_word' id='word_1_161' title='bbox 988 2457 1004 2497; x_wconf 92' lang='lat' dir='ltr'><strong>e</strong></span> <span class='ocrx_word' id='word_1_162' title='bbox 1019 2433 1188 2517; x_wconf 79' lang='lat' dir='ltr'><strong>particulis</strong></span> <span class='ocrx_word' id='word_1_163' title='bbox 1204 2457 1228 2498; x_wconf 92' lang='lat' dir='ltr'><strong>s.</strong></span> <span class='ocrx_word' id='word_1_164' title='bbox 1239 2433 1286 2497; x_wconf 90' lang='lat' dir='ltr'><strong>IX</strong></span> <span class='ocrx_word' id='word_1_165' title='bbox 1301 2438 1333 2499; x_wconf 92' lang='lat' dir='ltr'><strong>et</strong></span> 
     </span>
     <span class='ocr_line' id='line_1_20' title="bbox 187 2539 1331 2626; baseline 0 -21"><span class='ocrx_word' id='word_1_166' title='bbox 187 2541 361 2607; x_wconf 92' lang='lat' dir='ltr'><strong>ineunteX</strong></span> <span class='ocrx_word' id='word_1_167' title='bbox 384 2542 514 2626; x_wconf 91' lang='lat' dir='ltr'><strong>scriptis</strong></span> <span class='ocrx_word' id='word_1_168' title='bbox 538 2542 750 2625; x_wconf 90' lang='lat' dir='ltr'><strong>compositus,</strong></span> <span class='ocrx_word' id='word_1_169' title='bbox 771 2541 829 2617; x_wconf 85' lang='lat' dir='ltr'><strong>fol.</strong></span> <span class='ocrx_word' id='word_1_170' title='bbox 853 2541 942 2625; x_wconf 86' lang='lat' dir='ltr'><strong>min,</strong></span> <span class='ocrx_word' id='word_1_171' title='bbox 966 2541 1040 2605; x_wconf 90' lang='lat' dir='ltr'><strong>inde</strong></span> <span class='ocrx_word' id='word_1_172' title='bbox 1064 2564 1083 2605; x_wconf 92' lang='lat' dir='ltr'><strong>a</strong></span> <span class='ocrx_word' id='word_1_173' title='bbox 1104 2542 1127 2605; x_wconf 85' lang='lat' dir='ltr'><strong>f.</strong></span> <span class='ocrx_word' id='word_1_174' title='bbox 1143 2539 1331 2624; x_wconf 61' lang='lat'><strong>52-2143)</strong></span> 
     </span>
     <span class='ocr_line' id='line_1_21' title="bbox 188 2646 1332 2734; baseline -0.003 -20"><span class='ocrx_word' id='word_1_175' title='bbox 188 2648 332 2714; x_wconf 76' lang='lat' dir='ltr'><strong>‘abavus&#39;</strong></span> <span class='ocrx_word' id='word_1_176' title='bbox 353 2649 536 2734; x_wconf 91' lang='lat' dir='ltr'><strong>glossarum</strong></span> <span class='ocrx_word' id='word_1_177' title='bbox 550 2649 728 2732; x_wconf 88' lang='lat' dir='ltr'><strong>pleniorem</strong></span> <span class='ocrx_word' id='word_1_178' title='bbox 743 2649 933 2712; x_wconf 92' lang='lat' dir='ltr'><strong>memoriam</strong></span> <span class='ocrx_word' id='word_1_179' title='bbox 948 2647 1088 2729; x_wconf 86' lang='lat' dir='ltr'><strong>exhibet,</strong></span> <span class='ocrx_word' id='word_1_180' title='bbox 1110 2646 1144 2710; x_wconf 90' lang='lat' dir='ltr'><strong>id</strong></span> <span class='ocrx_word' id='word_1_181' title='bbox 1159 2648 1244 2730; x_wconf 94' lang='lat' dir='ltr'><strong>quod</strong></span> <span class='ocrx_word' id='word_1_182' title='bbox 1259 2669 1332 2712; x_wconf 92' lang='lat' dir='ltr'><strong>cum</strong></span> 
     </span>
     <span class='ocr_line' id='line_1_22' title="bbox 186 2753 1331 2840; baseline -0.002 -20"><span class='ocrx_word' id='word_1_183' title='bbox 186 2756 379 2840; x_wconf 89' lang='lat' dir='ltr'><strong>principium</strong></span> <span class='ocrx_word' id='word_1_184' title='bbox 403 2758 435 2820; x_wconf 95' lang='lat' dir='ltr'><strong>et</strong></span> <span class='ocrx_word' id='word_1_185' title='bbox 462 2755 537 2819; x_wconf 92' lang='lat' dir='ltr'><strong>finis</strong></span> <span class='ocrx_word' id='word_1_186' title='bbox 561 2753 727 2838; x_wconf 84' lang='lat' dir='ltr'><strong>glossarii,</strong></span> <span class='ocrx_word' id='word_1_187' title='bbox 755 2757 825 2818; x_wconf 93' lang='lat' dir='ltr'><strong>tum</strong></span> <span class='ocrx_word' id='word_1_188' title='bbox 849 2776 930 2837; x_wconf 89' lang='lat' dir='ltr'><strong>quae</strong></span> <span class='ocrx_word' id='word_1_189' title='bbox 957 2753 1031 2817; x_wconf 90' lang='lat' dir='ltr'><strong>inde</strong></span> <span class='ocrx_word' id='word_1_190' title='bbox 1055 2756 1205 2836; x_wconf 83' lang='lat' dir='ltr'><strong>excerpta</strong></span> <span class='ocrx_word' id='word_1_191' title='bbox 1226 2753 1331 2818; x_wconf 91' lang='lat' dir='ltr'><strong>habeo</strong></span> 
     </span>
     <span class='ocr_line' id='line_1_23' title="bbox 186 2859 1332 2946; baseline -0.003 -19"><span class='ocrx_word' id='word_1_192' title='bbox 186 2864 312 2928; x_wconf 89' lang='lat' dir='ltr'><strong>docent.</strong></span> <span class='ocrx_word' id='word_1_193' title='bbox 345 2861 472 2946; x_wconf 81' lang='lat' dir='ltr'><strong>Scripta</strong></span> <span class='ocrx_word' id='word_1_194' title='bbox 496 2863 545 2924; x_wconf 91' lang='lat' dir='ltr'><strong>est</strong></span> <span class='ocrx_word' id='word_1_195' title='bbox 568 2864 676 2926; x_wconf 92' lang='lat' dir='ltr'><strong>autem</strong></span> <span class='ocrx_word' id='word_1_196' title='bbox 699 2860 779 2924; x_wconf 91' lang='lat' dir='ltr'><strong>haec</strong></span> <span class='ocrx_word' id='word_1_197' title='bbox 802 2860 921 2925; x_wconf 90' lang='lat' dir='ltr'><strong>codicis</strong></span> <span class='ocrx_word' id='word_1_198' title='bbox 944 2882 1020 2944; x_wconf 89' lang='lat' dir='ltr'><strong>pars</strong></span> <span class='ocrx_word' id='word_1_199' title='bbox 1043 2859 1173 2924; x_wconf 90' lang='lat' dir='ltr'><strong>ineunte</strong></span> <span class='ocrx_word' id='word_1_200' title='bbox 1195 2859 1263 2924; x_wconf 83' lang='lat' dir='ltr'><strong>sX</strong></span> <span class='ocrx_word' id='word_1_201' title='bbox 1286 2860 1332 2924; x_wconf 90' lang='lat' dir='ltr'><strong>bi·</strong></span> 
     </span>
     <span class='ocr_line' id='line_1_24' title="bbox 186 2955 1333 3054; baseline -0.001 -22"><span class='ocrx_word' id='word_1_202' title='bbox 186 2968 315 3054; x_wconf 88' lang='lat' dir='ltr'><strong>pertitis</strong></span> <span class='ocrx_word' id='word_1_203' title='bbox 338 2955 474 3052; x_wconf 77' lang='lat' dir='ltr'><strong>paginis</strong></span> <span class='ocrx_word' id='word_1_204' title='bbox 510 2967 533 3030; x_wconf 85' lang='lat' dir='ltr'><strong>f.</strong></span> <span class='ocrx_word' id='word_1_205' title='bbox 552 2966 611 3031; x_wconf 69' lang='grc' dir='ltr'><strong>52π</strong></span> <span class='ocrx_word' id='word_1_206' title='bbox 633 2966 750 3031; x_wconf 91' lang='lat' dir='ltr'><strong>titulus</strong></span> <span class='ocrx_word' id='word_1_207' title='bbox 773 2965 893 3030; x_wconf 90' lang='lat' dir='ltr'><strong>litteris</strong></span> <span class='ocrx_word' id='word_1_208' title='bbox 918 2965 1095 3030; x_wconf 88' lang='lat' dir='ltr'><strong>uncialibus</strong></span> <span class='ocrx_word' id='word_1_209' title='bbox 1119 2967 1258 3050; x_wconf 90' lang='lat' dir='ltr'><strong>scriptus</strong></span> <span class='ocrx_word' id='word_1_210' title='bbox 1283 2969 1333 3031; x_wconf 90' lang='lat' dir='ltr'><strong>est</strong></span> 
     </span>
    </p>
   </div>
   <div class='ocr_carea' id='block_1_4' title="bbox 185 3079 1332 3406">
    <p class='ocr_par' dir='ltr' id='par_1_5' title="bbox 185 3079 1332 3406">
     <span class='ocr_line' id='line_1_25' title="bbox 186 3079 1332 3196; baseline -0.002 -22"><span class='ocrx_word' id='word_1_211' title='bbox 186 3111 252 3176; x_wconf 94' lang='lat' dir='ltr'><strong>hic:</strong></span> <span class='ocrx_word' id='word_1_212' title='bbox 276 3109 404 3194; x_wconf 74' lang='lat' dir='ltr'><strong>‘Incpr&#39;rt</strong></span> <span class='ocrx_word' id='word_1_213' title='bbox 427 3079 518 3195; x_wconf 66' lang='lat' dir='ltr'><strong>globe</strong></span> <span class='ocrx_word' id='word_1_214' title='bbox 543 3133 581 3173; x_wconf 88' lang='lat' dir='ltr'><strong>ex</strong></span> <span class='ocrx_word' id='word_1_215' title='bbox 603 3105 697 3196; x_wconf 77' lang='lat' dir='ltr'><strong>noluo</strong></span> <span class='ocrx_word' id='word_1_216' title='bbox 723 3112 755 3173; x_wconf 93' lang='lat' dir='ltr'><strong>et</strong></span> <span class='ocrx_word' id='word_1_217' title='bbox 772 3108 874 3172; x_wconf 90' lang='lat' dir='ltr'><strong>ueteri</strong></span> <span class='ocrx_word' id='word_1_218' title='bbox 892 3110 1089 3173; x_wconf 88' lang='lat' dir='ltr'><strong>testamento</strong></span> <span class='ocrx_word' id='word_1_219' title='bbox 1107 3105 1111 3194; x_wconf 87' lang='grc' dir='ltr'>Ι</span> <span class='ocrx_word' id='word_1_220' title='bbox 1128 3131 1184 3174; x_wconf 88' lang='lat' dir='ltr'><strong>seu</strong></span> <span class='ocrx_word' id='word_1_221' title='bbox 1198 3132 1237 3174; x_wconf 86' lang='lat' dir='ltr'><strong>ex</strong></span> <span class='ocrx_word' id='word_1_222' title='bbox 1252 3108 1332 3173; x_wconf 90' lang='lat' dir='ltr'><strong>ethi-</strong></span> 
     </span>
     <span class='ocr_line' id='line_1_26' title="bbox 186 3208 1332 3303; baseline 0 -23"><span class='ocrx_word' id='word_1_223' title='bbox 186 3216 368 3301; x_wconf 74' lang='lat' dir='ltr'><strong>mologiarii</strong></span> <span class='ocrx_word' id='word_1_224' title='bbox 400 3213 630 3303; x_wconf 74' lang='lat' dir='ltr'><strong>spiriltualiter.</strong></span> <span class='ocrx_word' id='word_1_225' title='bbox 665 3212 883 3298; x_wconf 88' lang='lat' dir='ltr'><strong>compositae&#39;</strong></span> <span class='ocrx_word' id='word_1_226' title='bbox 928 3213 1059 3298; x_wconf 86' lang='lat' dir='ltr'><strong>Incipit:</strong></span> <span class='ocrx_word' id='word_1_227' title='bbox 1102 3213 1239 3280; x_wconf 78' lang='lat' dir='ltr'><strong>‘Abauu</strong></span> <span class='ocrx_word' id='word_1_228' title='bbox 1271 3208 1332 3300; x_wconf 82' lang='lat' dir='ltr'><strong>pat</strong></span> 
     </span>
     <span class='ocr_line' id='line_1_27' title="bbox 185 3311 1331 3406; baseline -0.001 -19"><span class='ocrx_word' id='word_1_229' title='bbox 185 3324 260 3406; x_wconf 78' lang='lat' dir='ltr'><strong>paui</strong></span> <span class='ocrx_word' id='word_1_230' title='bbox 283 3323 324 3386; x_wconf 92' lang='lat' dir='ltr'><strong>id.</strong></span> <span class='ocrx_word' id='word_1_231' title='bbox 348 3323 373 3386; x_wconf 74' lang='grc' dir='ltr'><strong>ὅ.</strong></span> <span class='ocrx_word' id='word_1_232' title='bbox 398 3345 476 3388; x_wconf 91' lang='lat' dir='ltr'><strong>auus</strong></span> <span class='ocrx_word' id='word_1_233' title='bbox 501 3323 563 3386; x_wconf 92' lang='lat' dir='ltr'><strong>aui.</strong></span> <span class='ocrx_word' id='word_1_234' title='bbox 609 3322 706 3386; x_wconf 87' lang='lat' dir='ltr'><strong>Abba</strong></span> <span class='ocrx_word' id='word_1_235' title='bbox 728 3311 785 3405; x_wconf 78' lang='lat' dir='ltr'><strong>pal</strong></span> <span class='ocrx_word' id='word_1_236' title='bbox 814 3343 927 3404; x_wconf 91' lang='lat' dir='ltr'><strong>syrum</strong></span> <span class='ocrx_word' id='word_1_237' title='bbox 956 3343 1075 3385; x_wconf 91' lang='lat' dir='ltr'><strong>nomen</strong></span> <span class='ocrx_word' id='word_1_238' title='bbox 1097 3321 1123 3384; x_wconf 73' lang='grc' dir='ltr'><strong>ὅ.</strong></span> <span class='ocrx_word' id='word_1_239' title='bbox 1168 3321 1331 3386; x_wconf 81' lang='lat' dir='ltr'><strong>Abbacuc.</strong></span> 
     </span>
    </p>
   </div>
   <div class='ocr_carea' id='block_1_5' title="bbox 186 3427 1331 3639">
    <p class='ocr_par' dir='ltr' id='par_1_6' title="bbox 186 3427 1331 3639">
     <span class='ocr_line' id='line_1_28' title="bbox 186 3427 1331 3533; baseline -0.001 -20"><span class='ocrx_word' id='word_1_240' title='bbox 186 3449 401 3533; x_wconf 87' lang='lat' dir='ltr'><strong>amplexatis</strong></span> <span class='ocrx_word' id='word_1_241' title='bbox 438 3447 570 3511; x_wconf 83' lang='lat' dir='ltr'><strong>Abdias.</strong></span> <span class='ocrx_word' id='word_1_242' title='bbox 595 3469 706 3512; x_wconf 91' lang='lat' dir='ltr'><strong>seruus</strong></span> <span class='ocrx_word' id='word_1_243' title='bbox 731 3427 794 3511; x_wconf 71' lang='lat' dir='ltr'><strong>dffi.</strong></span> <span class='ocrx_word' id='word_1_244' title='bbox 830 3445 966 3512; x_wconf 88' lang='lat' dir='ltr'><strong>Abacta.</strong></span> <span class='ocrx_word' id='word_1_245' title='bbox 984 3431 1140 3511; x_wconf 82' lang='lat' dir='ltr'><strong>involuta.</strong></span> <span class='ocrx_word' id='word_1_246' title='bbox 1175 3445 1331 3512; x_wconf 85' lang='lat' dir='ltr'><strong>Abactus.</strong></span> 
     </span>
     <span class='ocr_line' id='line_1_29' title="bbox 187 3552 1331 3639; baseline -0.002 -19"><span class='ocrx_word' id='word_1_247' title='bbox 187 3557 227 3620; x_wconf 90' lang='lat' dir='ltr'><strong>ab</strong></span> <span class='ocrx_word' id='word_1_248' title='bbox 252 3560 326 3620; x_wconf 91' lang='lat' dir='ltr'><strong>actu</strong></span> <span class='ocrx_word' id='word_1_249' title='bbox 348 3553 514 3639; x_wconf 90' lang='lat' dir='ltr'><strong>remotus&#39;,</strong></span> <span class='ocrx_word' id='word_1_250' title='bbox 538 3554 669 3639; x_wconf 83' lang='lat' dir='ltr'><strong>explicit</strong></span> <span class='ocrx_word' id='word_1_251' title='bbox 692 3553 715 3617; x_wconf 87' lang='lat' dir='ltr'><strong>f.</strong></span> <span class='ocrx_word' id='word_1_252' title='bbox 732 3553 828 3618; x_wconf 67' lang='lat' dir='ltr'>151V:</span> <span class='ocrx_word' id='word_1_253' title='bbox 858 3552 967 3616; x_wconf 75' lang='lat' dir='ltr'><strong>‘Zona</strong></span> <span class='ocrx_word' id='word_1_254' title='bbox 987 3552 1158 3636; x_wconf 88' lang='lat' dir='ltr'><strong>cingulum.</strong></span> <span class='ocrx_word' id='word_1_255' title='bbox 1177 3552 1331 3618; x_wconf 90' lang='lat' dir='ltr'><strong>balteum.</strong></span> 
     </span>
    </p>
   </div>
   <div class='ocr_carea' id='block_1_6' title="bbox 187 3659 1440 3743">
    <p class='ocr_par' dir='ltr' id='par_1_7' title="bbox 187 3659 1440 3743">
     <span class='ocr_line' id='line_1_30' title="bbox 187 3659 1440 3743; baseline -0.006 -17"><span class='ocrx_word' id='word_1_256' title='bbox 187 3663 323 3727; x_wconf 82' lang='lat' dir='ltr'><strong>Zizania.</strong></span> <span class='ocrx_word' id='word_1_257' title='bbox 346 3660 480 3726; x_wconf 87' lang='lat' dir='ltr'><strong>lolium&#39;.</strong></span> <span class='ocrx_word' id='word_1_258' title='bbox 528 3659 589 3736; x_wconf 75' lang='lat' dir='ltr'><strong>Qui</strong></span> <span class='ocrx_word' id='word_1_259' title='bbox 614 3660 830 3743; x_wconf 88' lang='lat' dir='ltr'><strong>sequebantur</strong></span> <span class='ocrx_word' id='word_1_260' title='bbox 857 3661 923 3722; x_wconf 92' lang='lat' dir='ltr'><strong>tres</strong></span> <span class='ocrx_word' id='word_1_261' title='bbox 946 3667 1058 3723; x_wconf 86' lang='lat' dir='ltr'><strong>versus</strong></span> <span class='ocrx_word' id='word_1_262' title='bbox 1081 3659 1200 3722; x_wconf 91' lang='lat' dir='ltr'><strong>litteris</strong></span> <span class='ocrx_word' id='word_1_263' title='bbox 1223 3660 1330 3723; x_wconf 90' lang='lat' dir='ltr'><strong>uncia-</strong></span> <span class='ocrx_word' id='word_1_264' title='bbox 1437 3713 1440 3719; x_wconf 89' lang='lat'>.</span> 
     </span>
    </p>
   </div>
   <div class='ocr_carea' id='block_1_7' title="bbox 184 3851 1331 4549">
    <p class='ocr_par' dir='ltr' id='par_1_8' title="bbox 184 3851 1331 4370">
     <span class='ocr_line' id='line_1_31' title="bbox 260 3851 1331 3924; baseline -0.004 -16"><span class='ocrx_word' id='word_1_265' title='bbox 260 3856 280 3924; x_wconf 83' lang='grc'><strong>1)</strong></span> <span class='ocrx_word' id='word_1_266' title='bbox 299 3856 366 3909; x_wconf 87' lang='lat' dir='ltr'><strong>Post</strong></span> <span class='ocrx_word' id='word_1_267' title='bbox 384 3855 507 3923; x_wconf 85' lang='lat' dir='ltr'><strong>glossam</strong></span> <span class='ocrx_word' id='word_1_268' title='bbox 521 3854 723 3922; x_wconf 66' lang='lat' dir='ltr'><strong>praestigiator</strong></span> <span class='ocrx_word' id='word_1_269' title='bbox 742 3853 880 3921; x_wconf 65' lang='lat' dir='ltr'><strong>enigmata</strong></span> <span class='ocrx_word' id='word_1_270' title='bbox 894 3851 1045 3905; x_wconf 78' lang='lat' dir='ltr'><strong>similitudo</strong></span> <span class='ocrx_word' id='word_1_271' title='bbox 1063 3851 1181 3918; x_wconf 83' lang='lat' dir='ltr'><strong>foliacia</strong></span> <span class='ocrx_word' id='word_1_272' title='bbox 1196 3852 1275 3905; x_wconf 81' lang='lat' dir='ltr'><strong>dolas</strong></span> <span class='ocrx_word' id='word_1_273' title='bbox 1289 3852 1331 3904; x_wconf 82' lang='lat' dir='ltr'><strong>in-</strong></span> 
     </span>
     <span class='ocr_line' id='line_1_32' title="bbox 185 3939 1331 4009; baseline -0.003 -11"><span class='ocrx_word' id='word_1_274' title='bbox 185 3945 272 3998; x_wconf 82' lang='lat' dir='ltr'><strong>sidiae</strong></span> <span class='ocrx_word' id='word_1_275' title='bbox 294 3943 468 3996; x_wconf 89' lang='lat' dir='ltr'><strong>Burmannus</strong></span> <span class='ocrx_word' id='word_1_276' title='bbox 497 3941 656 3996; x_wconf 88' lang='lat' dir='ltr'><strong>adnotavit:</strong></span> <span class='ocrx_word' id='word_1_277' title='bbox 691 3940 811 4009; x_wconf 85' lang='lat' dir='ltr'><strong>‘reliqua</strong></span> <span class='ocrx_word' id='word_1_278' title='bbox 840 3940 870 3993; x_wconf 91' lang='lat' dir='ltr'><strong>in</strong></span> <span class='ocrx_word' id='word_1_279' title='bbox 897 3941 951 3994; x_wconf 90' lang='lat' dir='ltr'><strong>hoc</strong></span> <span class='ocrx_word' id='word_1_280' title='bbox 979 3939 1074 3994; x_wconf 87' lang='lat' dir='ltr'><strong>codice</strong></span> <span class='ocrx_word' id='word_1_281' title='bbox 1101 3939 1331 3995; x_wconf 86' lang='lat' dir='ltr'><strong>desiderabantur</strong></span> 
     </span>
     <span class='ocr_line' id='line_1_33' title="bbox 186 4029 1330 4102; baseline -0.004 -14"><span class='ocrx_word' id='word_1_282' title='bbox 186 4033 295 4088; x_wconf 87' lang='lat' dir='ltr'><strong>amissis</strong></span> <span class='ocrx_word' id='word_1_283' title='bbox 314 4032 423 4101; x_wconf 90' lang='lat' dir='ltr'><strong>aliquot</strong></span> <span class='ocrx_word' id='word_1_284' title='bbox 440 4032 566 4102; x_wconf 84' lang='lat' dir='ltr'><strong>paginis,</strong></span> <span class='ocrx_word' id='word_1_285' title='bbox 594 4031 693 4099; x_wconf 90' lang='lat' dir='ltr'><strong>quibus</strong></span> <span class='ocrx_word' id='word_1_286' title='bbox 717 4032 811 4084; x_wconf 85' lang='lat' dir='ltr'><strong>cetera</strong></span> <span class='ocrx_word' id='word_1_287' title='bbox 833 4029 931 4083; x_wconf 88' lang='lat' dir='ltr'><strong>literae</strong></span> <span class='ocrx_word' id='word_1_288' title='bbox 952 4029 987 4098; x_wconf 90' lang='lat' dir='ltr'><strong>P,</strong></span> <span class='ocrx_word' id='word_1_289' title='bbox 1011 4030 1044 4082; x_wconf 88' lang='lat' dir='ltr'><strong>ut</strong></span> <span class='ocrx_word' id='word_1_290' title='bbox 1062 4029 1134 4098; x_wconf 73' lang='lat' dir='ltr'><strong>etQ</strong></span> <span class='ocrx_word' id='word_1_291' title='bbox 1152 4029 1180 4082; x_wconf 88' lang='lat' dir='ltr'><em>R</em></span> <span class='ocrx_word' id='word_1_292' title='bbox 1199 4031 1228 4083; x_wconf 89' lang='lat' dir='ltr'><strong>et</strong></span> <span class='ocrx_word' id='word_1_293' title='bbox 1246 4029 1330 4098; x_wconf 88' lang='lat' dir='ltr'><strong>longe</strong></span> 
     </span>
     <span class='ocr_line' id='line_1_34' title="bbox 185 4117 1331 4190; baseline -0.003 -14"><span class='ocrx_word' id='word_1_294' title='bbox 185 4123 308 4178; x_wconf 85' lang='lat' dir='ltr'><strong>maxima</strong></span> <span class='ocrx_word' id='word_1_295' title='bbox 325 4139 389 4190; x_wconf 90' lang='lat' dir='ltr'><strong>pars</strong></span> <span class='ocrx_word' id='word_1_296' title='bbox 407 4121 507 4176; x_wconf 90' lang='lat' dir='ltr'><strong>literae</strong></span> <span class='ocrx_word' id='word_1_297' title='bbox 523 4121 544 4176; x_wconf 79' lang='lat' dir='ltr'><strong><em>S</em></strong></span> <span class='ocrx_word' id='word_1_298' title='bbox 558 4120 687 4190; x_wconf 85' lang='lat' dir='ltr'><strong>glossarii</strong></span> <span class='ocrx_word' id='word_1_299' title='bbox 704 4119 788 4173; x_wconf 89' lang='lat' dir='ltr'><strong>huius</strong></span> <span class='ocrx_word' id='word_1_300' title='bbox 807 4118 954 4188; x_wconf 86' lang='lat' dir='ltr'><strong>deperdita</strong></span> <span class='ocrx_word' id='word_1_301' title='bbox 972 4120 1053 4172; x_wconf 89' lang='lat' dir='ltr'><strong>erant</strong></span> <span class='ocrx_word' id='word_1_302' title='bbox 1070 4134 1158 4186; x_wconf 92' lang='lat' dir='ltr'><strong>usque</strong></span> <span class='ocrx_word' id='word_1_303' title='bbox 1177 4117 1214 4170; x_wconf 86' lang='lat' dir='ltr'><strong>cd</strong></span> <span class='ocrx_word' id='word_1_304' title='bbox 1232 4135 1331 4172; x_wconf 88' lang='lat' dir='ltr'><strong>vocem</strong></span> 
     </span>
     <span class='ocr_line' id='line_1_35' title="bbox 184 4212 477 4267; baseline -0.017 0"><span class='ocrx_word' id='word_1_305' title='bbox 184 4212 339 4267; x_wconf 63' lang='lat' dir='ltr'><strong>subtrahit?</strong></span> <span class='ocrx_word' id='word_1_306' title='bbox 474 4243 477 4248; x_wconf 91' lang='lat'><em>-</em></span> 
     </span>
     <span class='ocr_line' id='line_1_36' title="bbox 258 4297 851 4370; baseline -0.007 -15"><span class='ocrx_word' id='word_1_307' title='bbox 258 4301 278 4370; x_wconf 73' lang='lat'><strong>²)</strong></span> <span class='ocrx_word' id='word_1_308' title='bbox 299 4299 339 4356; x_wconf 82' lang='lat' dir='ltr'><strong>cf.</strong></span> <span class='ocrx_word' id='word_1_309' title='bbox 358 4298 473 4353; x_wconf 80' lang='lat' dir='ltr'><strong>Arevali</strong></span> <span class='ocrx_word' id='word_1_310' title='bbox 491 4297 648 4352; x_wconf 89' lang='lat' dir='ltr'><strong>Isidoriana</strong></span> <span class='ocrx_word' id='word_1_311' title='bbox 665 4298 686 4351; x_wconf 90' lang='lat' dir='ltr'><strong>t.</strong></span> <span class='ocrx_word' id='word_1_312' title='bbox 704 4297 731 4350; x_wconf 90' lang='grc' dir='ltr'><strong>Π</strong></span> <span class='ocrx_word' id='word_1_313' title='bbox 748 4316 776 4366; x_wconf 94' lang='lat' dir='ltr'><strong>p.</strong></span> <span class='ocrx_word' id='word_1_314' title='bbox 792 4303 851 4351; x_wconf 84' lang='grc'>316.</span> 
     </span>
    </p>

    <p class='ocr_par' dir='ltr' id='par_1_9' title="bbox 185 4383 1330 4549">
     <span class='ocr_line' id='line_1_37' title="bbox 258 4383 1330 4460; baseline -0.007 -16"><span class='ocrx_word' id='word_1_315' title='bbox 258 4390 278 4460; x_wconf 78' lang='lat'><strong>³)</strong></span> <span class='ocrx_word' id='word_1_316' title='bbox 298 4388 517 4456; x_wconf 87' lang='lat' dir='ltr'><strong>Quaternionum</strong></span> <span class='ocrx_word' id='word_1_317' title='bbox 545 4389 629 4442; x_wconf 89' lang='lat' dir='ltr'><strong>notae</strong></span> <span class='ocrx_word' id='word_1_318' title='bbox 656 4384 721 4440; x_wconf 89' lang='lat' dir='ltr'><strong>inde</strong></span> <span class='ocrx_word' id='word_1_319' title='bbox 749 4404 767 4440; x_wconf 89' lang='lat' dir='ltr'><strong>a</strong></span> <span class='ocrx_word' id='word_1_320' title='bbox 791 4385 870 4440; x_wconf 88' lang='lat' dir='ltr'><strong>VIIII</strong></span> <span class='ocrx_word' id='word_1_321' title='bbox 898 4385 926 4452; x_wconf 89' lang='lat' dir='ltr'><strong>(f.</strong></span> <span class='ocrx_word' id='word_1_322' title='bbox 947 4387 1011 4454; x_wconf 70' lang='lat' dir='ltr'><strong>W)</strong></span> <span class='ocrx_word' id='word_1_323' title='bbox 1039 4401 1127 4453; x_wconf 90' lang='lat' dir='ltr'><strong>usque</strong></span> <span class='ocrx_word' id='word_1_324' title='bbox 1155 4385 1190 4438; x_wconf 91' lang='lat' dir='ltr'><strong>ad</strong></span> <span class='ocrx_word' id='word_1_325' title='bbox 1214 4383 1330 4451; x_wconf 73' lang='lat' dir='ltr'><strong>XXVIII</strong></span> 
     </span>
     <span class='ocr_line' id='line_1_38' title="bbox 185 4478 485 4549; baseline 0.003 -17"><span class='ocrx_word' id='word_1_326' title='bbox 185 4480 215 4549; x_wconf 85' lang='lat' dir='ltr'><strong>(f.</strong></span> <span class='ocrx_word' id='word_1_327' title='bbox 237 4480 317 4548; x_wconf 70' lang='lat' dir='ltr'>194v)</span> <span class='ocrx_word' id='word_1_328' title='bbox 335 4478 485 4548; x_wconf 89' lang='lat' dir='ltr'><strong>pertinent.</strong></span> 
     </span>
    </p>
   </div>
   <div class='ocr_carea' id='block_1_8' title="bbox 0 0 1612 5126">
    <p class='ocr_par' dir='ltr' id='par_1_10' title="bbox 0 0 1612 5126">
     <span class='ocr_line' id='line_1_39' title="bbox 0 0 1612 5126; baseline 0 1"><span class='ocrx_word' id='word_1_329' title='bbox 0 0 1612 5126; x_wconf 95' lang='lat' dir='ltr'><strong> </strong></span> 
     </span>
    </p>
   </div>
  </div>
 </body>
</html>
