3232 5122
708 329 948 393 —226-

260 484 415 568 antiquae
439 506 477 548 ex
489 486 603 570 codice
621 483 823 574 Vaticano')3
846 487 967 553 ibidem
985 509 1015 572 p.
1029 486 1204 553 aee-596
1224 485 1402 575 (excerpta

261 612 299 654 ex
323 591 550 676 antiquissimo
574 593 659 658 libro
682 591 921 680 physiologo’);
947 591 1405 680 t.V1p.554-574(‘P1a-

261 697 325 761 cidi
344 698 474 783 glossae
493 699 585 763 valde
605 704 718 765 auctae
739 703 771 764 at
790 698 1020 786 emendatac');
1044 701 1164 766 ibidem
1182 725 1213 784 p.
1223 693 1405 765 'auc-600

261 804 438 888 (excerpta
469 827 508 869 ex
544 807 706 891 glossario
740 805 882 894 vetere').
933 807 961 870 Ε
995 807 1103 873 codice
1130 806 1405 892 ¹sangermanensi

260 910 500 976 Hildebrandus
532 911 567 976 in
598 912 752 997 glossarii
781 911 854 976 Par.
882 913 1003 997 antiqu
1037 915 1270 980 commentario
1303 915 1406 978 multa

262 1019 433 1102 excerpsit,
457 1039 521 1101 qua
543 1019 578 1083 in
601 1041 752 1105 requam
771 1019 980 1102 neglegenter
999 1024 1147 1085 versatus
1169 1021 1212 1085 sit
1235 1019 1404 1104 scripturis

262 1147 281 1188 a
303 1123 354 1188 Fr.
380 1125 418 1188 A.
441 1123 632 1191 Ecksteinio
656 1131 689 1192 et
712 1125 764 1190 Du
782 1126 886 1192 Rieuo
910 1127 1052 1192 enotatis
1076 1127 1297 1193 demonstrare
1319 1126 1404 1190 nolo.

259 1229 431 1297 (lodicibus
464 1231 632 1316 Bernensi,
664 1230 881 1317 Vercellensi,
917 1233 1068 1299 Palatino
1105 1233 1333 1318 Deuerlingius
1370 1234 1403 1296 in

260 1337 381 1403 edendo
405 1337 539 1404 Placido
561 1361 640 1404 usus
664 1343 722 1404 est.

348 1444 570 1532 Disquirentes
607 1445 673 1509 iam
707 1467 873 1528 quaenam·
899 1447 1017 1512 horum
1050 1447 1197 1512 codicum
1229 1447 1404 1513 auctoritas

259 1551 373 1616 critica
396 1550 696 1616 sithrcellensem
716 1573 733 1616 e
752 1553 892 1638 quinque
916 1553 1117 1637 reliquorum
1140 1577 1274 1619 numero
1300 1556 1405 1619 seiun-

259 1679 386 1743 gamus,
409 1657 503 1742 idqu'e
522 1657 647 1722 duabus
670 1658 800 1743 quidem
824 1658 862 1722 dc
885 1660 1077 1726 rationibus.
1109 1660 1259 1747 Namque
1278 1663 1406 1728 tidetur

259 1765 313 1829 ille
337 1763 494 1849 pristinae
518 1763 695 1848 scripturas
719 1768 752 1828 et
775 1766 907 1831 omnino
933 1767 1105 1849 pristinam
1129 1769 1318 1834 memoriam
1338 1772 1406 1835 noir

182 1873 186 1882 “
258 1873 422 1957 integram
450 1891 612 1954 servasse,
644 1893 717 1954 curn
749 1872 869 1936 multas
897 1876 992 1938 notas
1021 1873 1218 1957 marginales
1251 1876 1405 1960 omiserit,
1440 1933 1445 1940 ,

259 1977 514 2063 orthographica
536 1977 723 2062 mutaverit,
747 1979 864 2042 menda
886 2001 953 2044 non
967 1980 1067 2044 nulla
1086 1982 1268 2046 correxerit.
1309 1982 1404 2047 Prae·

258 2089 349 2150 terea
378 2088 487 2149 autem
515 2084 652 2149 materia
678 2085 752 2149 inde
782 2087 887 2169 petita
916 2086 956 2150 ad
987 2086 1146 2152 rationem
1179 2089 1297 2154 certius
1332 2089 1405 2153 defi-

258 2193 409 2258 niendam
440 2213 508 2256 non
542 2191 732 2256 sufficiebat.
779 2191 885 2257 Tanto
919 2193 1038 2257 certius
1070 2197 1151 2277 puto
1184 2195 1223 2259 de
1254 2193 1406 2279 quattuor

257 2287 390 2386 reliquis
424 2299 525 2364 statui
552 2320 656 2382 posse.
702 2298 768 2363 Eos
796 2320 863 2363 non
890 2298 1003 2363 dubito
1035 2299 1070 2363 in
1102 2300 1182 2364 duas
1217 2293 1336 2366 classes
1369 2306 1405 2366 ut

201 2434 203 2438 ·
259 2409 350 2473 aiunt
374 2406 580 2491 distribuere,
604 2429 741 2490 quarum
762 2407 866 2470 altera
885 2406 1093 2470 continentur
1108 2406 1405 2492 sangermanensis,

257 2515 446 2599 Bernensis,
483 2513 720 2609 Sangallensis,
758 2513 895 2577 alteram
930 2511 1100 2578 Palatinus
1138 2513 1245 2578 efficit.
1296 2516 1404 2599 Atque

259 2643 276 2685 e
303 2622 466 2705 prioribus
495 2621 624 2706 quidem
651 2642 711 2705 pro
742 2621 854 2686 eodem
883 2641 986 2704 paene
1016 2620 1124 2686 codice
1155 2619 1296 2685 habendi
1329 2626 1405 2686 sunt

258 2727 548 2815 Sangermanensis
568 2731 601 2792 et
619 2727 806 2811 Barnensis,
829 2726 1010 2810 paullulum
1031 2725 1195 2811 discrepat
1214 2724 1403 2812 Sangallen-

261 2837 315 2901 sis.
360 2836 475 2922 Itaque
497 2835 561 2901 hoc
585 2840 723 2900 stemma
747 2834 869 2898 evadit:

508 3567 658 3623 Polaticus
756 3569 881 3639 Scopuli.
919 3571 1018 3641 Scope.
1037 3569 1122 3623 Baro.

346 3745 398 3810 En
421 3745 521 3810 habes
546 3752 751 3836 argumenta:

348 3869 380 3958 a)
415 3859 703 3956 Sangernianensis
736 3875 769 3934 et
797 3871 970 3937 Bernensis
1002 3876 1070 3937 tam
1102 3872 1186 3936 inter
1214 3892 1248 3935 se
1281 3871 1403 3934 similes

258 3980 347 4061 sunt,
376 3981 501 4042 utnon
524 3979 629 4043 solum
653 4000 765 4043 omnes
789 3980 1007 4064 corruptelae,
1036 3979 1093 4044 sed
1120 3979 1219 4043 etiam
1246 3978 1403 4043 minutiae

259 4085 531 4170 orthographicae
554 4107 686 4170 prorsus
711 4087 926 4152 consentiant.

407 4260 666 4331 Sangermanensis:
889 4295 892 4302 ·
1039 4260 1198 4316 Beruensisz

259 4365 385 4419 comedia
402 4356 521 4422 historia
539 4367 682 4436 tragoedia
844 4369 970 4423 comedia
988 4367 1103 4422 historia
1123 4367 1266 4436 tragoedia

259 4454 380 4508 comedia
399 4455 508 4510 cantica
526 4456 663 4524 agrestica
681 4472 759 4523 grece
844 4458 966 4512 comedia
985 4445 1249 4524 canticaagrestica
1268 4470 1345 4523 grece
