3232 5122
679 340 1073 452 uam-,U

279 497 459 581 exploratio
482 519 548 563 non
569 496 666 561 nimis
695 497 838 562 difficilis
868 501 918 562 661
947 498 987 562 ad
1015 499 1264 584 instituendum,
1292 523 1364 565 cunr
1392 503 1423 565 in

280 604 515 690 antiquissimis
536 604 698 670 codicibus
720 605 867 689 singulae
890 605 965 669 illae
985 605 1114 688 glossae
1132 606 1276 671 nondum
1300 608 1425 673 brevia·

278 715 332 776 tae
369 711 663 796 contaminataeve,
700 711 755 775 sed
792 710 980 776 fidelissime
1014 712 1191 796 separatim
1227 714 1426 797 perscriptae

280 821 414 883 exstent.
454 817 542 894 Quae
566 823 674 884 autem
694 841 710 882 6
731 819 899 903 glossariis
924 818 1005 883 mihi
1028 820 1115 884 notis
1138 820 1174 884 in
1195 819 1316 884 librum
1340 821 1425 906 glos-

279 947 388 990 samm
414 928 546 1007 recepta
574 947 644 990 esse
671 926 854 1009 videantur,
882 947 963 1009 quae
986 947 1052 991 non
1075 926 1167 1011 item,
1199 949 1271 991 cum
1300 927 1339 991 de
1363 927 1425 992 sin·

199 1040 202 1047 '
279 1032 365 1116 gulis
394 1032 563 1117 glossariis
592 1017 722 1118 agerem
754 1054 852 1116 supra
880 1032 1069 1116 significavi.
1115 1032 1215 1098 Plura
1237 1058 1322 1101 nunc
1350 1037 1425 1102 dare

280 1138 375 1202 certis
404 1138 442 1202 de
471 1137 652 1203 rationibus
679 1139 771 1223 nolo,
800 1161 866 1204 non
893 1139 982 1203 nulla
1010 1138 1090 1205 adeo
1119 1162 1178 1223 pro
1202 1142 1426 1227 codicum'pe-

278 1243 373 1308 nuria
397 1245 563 1310 enucleare
592 1267 723 1330 nequeo.
770 1243 919 1310 Ceterum
946 1246 1085 1310 10-12
1108 1246 1235 1312 minora
1261 1250 1426 1332 glossaria

281 1351 359 1414 illuc
382 1351 512 1415 fluxisse
536 1352 599 1415 sibi
617 1352 719 1416 videri
733 1351 897 1417 Usenerus
921 1374 1047 1417 mecum
1071 1355 1330 1420 communicavit.
1360 1355 1426 1420 Ad·

279 1458 385 1522 dimus
415 1479 481 1523 non
512 1458 602 1523 nulla
630 1459 669 1522 de
697 1459 841 1542 nomine,
875 1462 1020 1543 anctore,
1054 1459 1231 1546 codicibus,
1266 1462 1425 1546 epitomis,

282 1563 354 1628 aliis
379 1563 411 1627 id
435 1583 537 1647 genus
562 1557 826 1649 quaestiunculis.

371 1671 398 1734 1.
422 1667 532 1735 ‘Liber
545 1669 739 1754 glossarum’
759 1672 937 1756 appellatio
952 1672 1099 1738 Usenero
1119 1673 1263 1739 debetur.
1289 1673 1425 1741 Secutus

280 1779 388 1840 autem
407 1798 477 1842 6666
500 1777 627 1842 videtur
651 1778 876 1842 auctoritatem
900 1779 1043 1865 catalogi
1066 1780 1282 1845 bibliothecae
1305 1783 1426 1849 laurea·

278 1884 443 1949 hamensis
472 1906 554 1950 saec.
577 1882 609 1947 X
639 1885 827 1968 conscripti,
858 1885 892 1948 in
921 1907 984 1970 quo
1014 1886 1113 1951 codex
1143 1909 1228 1952 nunc
1254 1887 1425 1954 Palatinus

281 1991 379 2074 1773,
412 1991 556 2076 corporis
588 1991 677 2056 illius
711 1992 905 2075 exemplum,
938 1991 983 2056 sic
1020 1991 1247 2081 appellatnr¹):
1294 1993 1426 2060 ‘Liber
1480 1997 1483 2006 ‘

279 2098 411 2184 grandis
436 2099 634 2184 glosarunr
657 2119 695 2163 ex
720 2097 814 2161 dictis
837 2097 1039 2162 diuersorum
1062 2099 1283 2166 coadunatus’.

368 2205 397 2269 2.
428 2203 507 2280 Quis
537 2204 705 2288 collegerit
728 2204 809 2268 illud
834 2205 994 2269 maximae
1017 2203 1194 2270 industriae
1219 2228 1300 2289 opus
1323 2210 1425 2274 nesci-

279 2316 340 2377 tur.
389 2311 503 2376 Potest
534 2311 636 2376 fuisse
666 2310 918 2395 Ansileubus,
952 2312 1007 2377 sed
1041 2312 1213 2377 admodum
1244 2313 1343 2378 dubia
1376 2319 1426 2380 cst

279 2419 348 2482 eius
372 2419 559 2484 auctoritas
767 2413 771 2420 ’

367 2522 432 2588 Ι)11
461 2525 599 2609 latebat,
626 2525 710 2589 unde
734 2525 774 2589 ad
798 2524 1044 2609 Bernhardynm
1072 2525 1107 2588 in
1133 2524 1426 2592 111611111110111.4

278 2656 308 2716 p.
329 2633 391 2697 881
418 2632 456 2699 de
481 2631 589 2716 ‘opere
614 2632 654 2696 ab
679 2631 858 2697 Ansileubo
882 2630 1066 2698 Gothorum
1090 2632 1241 2716 episcopo
1266 2631 1424 2698 conlecto'

278 2740 489 2804 disserentem
508 2740 575 2802 eius
593 2738 641 2802 161
663 2737 782 2802 notitia
804 2735 1069 2824 permanasset2).
1102 2736 1197 2802 Nunc
1212 2736 1425 2802 Wilmannsii

278 2847 298 2912 l.
323 2869 346 2911 6.
371 2869 395 2911 6.
424 2869 462 2930 p.-
479 2845 541 2910 367
577 2844 733 2909 beneficio
767 2844 885 2908 scimus
919 2844 957 2908 de
989 2844 1066 2908 libri
1099 2845 1282 2929 glossarum
1317 2844 1424 2909 codice

353 3039 371 3107 ¹)
387 3038 419 3092 V.
428 3037 586 3109 Augustum
595 3037 753 3092 Wilmanns
766 3036 796 3090 in
805 3037 896 3091 Musei
905 3036 1033 3091 Rhenani
1047 3037 1067 3091 t.
1078 3035 1170 3090 XXlll
1185 3038 1220 3105 (a.
1232 3040 1311 3108 1868)
1325 3056 1352 3108 p.
1363 3043 1422 3092 392.

351 3129 372 3199 ²)
397 3129 535 3183 Usenerus
553 3128 571 3182 l.
587 3146 608 3182 s.
624 3147 644 3182 s.
664 3144 690 3197 p.
711 3131 763 3181 384
786 3126 997 3196 Bernhardyum
1019 3126 1091 3181 illud
1114 3127 1230 3182 fortasse
1249 3128 1285 3181 ab
1305 3126 1423 3181 06111610

279 3217 447 3287 comperisse
479 3218 568 3286 putat.
611 3217 726 3296 ¹Poterat
758 3215 843 3270 ctiam
873 3232 907 3269 ex
933 3214 964 3268 Ο.
987 3213 1116 3270 Μ1611611
1147 3215 1320 3285 praefatione
1347 3215 1425 3269 Festi

277 3325 304 3376 p.
324 3306 441 3378 XXXIII
465 3305 590 3372 haurire,
618 3305 668 3359 ubi
690 3305 760 3359 haec
782 3305 944 3380 narrantur:
975 3303 1088 3358 ‘certior
1110 3304 1200 3358 factus
1223 3321 1300 3359 eram
1323 3320 1340 3358 a
1358 3304 1424 3358 viris

278 3379 397 3467 egregiis
416 3395 485 3449 Rad.
505 3395 653 3450 Ro'chettio
678 3397 707 3449 61
724 3395 768 3448 Fr.
789 3393 888 3460 Orioli,
914 3392 1026 3447 Parisiis
1049 3395 1111 3446 tum
1134 3393 1265 3464 degente,
1289 3393 1343 3447 hoc
1361 3392 1424 3448 Pla·

277 3486 332 3540 cidi
350 3484 517 3554 glossarium
536 3483 622 3538 etiam
640 3483 761 3554 plenius,
782 3499 867 3560 quam
886 3483 922 3536 ab
940 3483 973 3537 A.
992 3481 1067 3536 Maio
1090 3479 1197 3536 editum
1219 3483 1291 3549 erat,
1314 3480 1424 3536 restitui

277 3591 357 3644 posse
381 3590 414 3628 ex
437 3589 557 3642 magno
584 3572 696 3627 lexico
723 3570 877 3640 episcopi
901 3570 1098 3640 Gothorum,
1124 3571 1317 3638 Ansileubi‚
1346 3569 1424 3625 cuius

277 3663 387 3719 vetusta
401 3661 570 3731 exemplaria
586 3662 690 3731 scripta
704 3663 732 3716 et
741 3660 854 3715 Parisiis
869 3661 934 3729 (duo
948 3660 1004 3715 nisi
1016 3659 1109 3728 fallor)
1130 3663 1158 3716 61
1176 3660 1302 3715 Turoni
1321 3662 1423 3727 extare,

278 3769 312 3807 ex
330 3751 457 3819 Placido,
483 3750 582 3806 isidori
601 3741 758 3821 originibus
774 3752 803 3804 et
820 3767 891 3818 quae
911 3749 1002 3805 eidem
1020 3749 1181 3805 tribuuntur
1198 3748 1309 3818 glossis,
1329 3750 1423 3817 Appu-

278 3841 334 3896 leio
353 3841 388 3895 de
403 3840 604 3910 orthographia
619 3839 752 3909 scriptore
773 3839 861 3909 [error
875 3839 943 3909 estl,
963 3838 1050 3892 Paulo
1071 3838 1130 3908 (sed
1145 3855 1177 3893 ex
1191 3838 1245 3892 hoc
1258 3836 1319 3906 ipso
1333 3852 1424 3906 pauca

278 3930 388 4000 sumpta
406 3931 480 3998 sunt)
500 3929 618 3999 aliisque
638 3928 725 3999 copiis
744 3927 786 3982 ita
804 3927 971 3997 composito,
990 3929 1023 3981 ut
1039 3927 1152 3981 nomina
1170 3941 1265 3980 eorum
1284 3941 1423 3995 gramma·
1495 3955 1496 3960 .

277 4019 397 4075 ticorum
423 4018 453 4073 in
480 4019 606 4088 margine
635 4017 806 4088 singularum
835 4017 991 4086 glossarum
1018 4015 1159 4085 adscripta
1181 4015 1257 4070 sint’.
1295 4014 1335 4067 Ex
1362 4014 1423 4082 ipso

278 4109 404 4179 exemplo
425 4106 657 4178 sangermanensi
674 4105 776 4160 notitia
794 4105 845 4159 illa
863 4105 954 4174 petita
972 4122 1031 4159 esse
1049 4121 1104 4158 non
1127 4105 1232 4173 potest:
1259 4103 1331 4157 nihil
1350 4103 1423 4157 enim

279 4199 337 4253 eius
356 4198 433 4270 modi
450 4198 494 4252 Du
508 4196 611 4251 1116116
633 4196 730 4264 refert,
754 4195 803 4264 qui
822 4192 925 4249 codicis
948 4192 1185 4246 accuratissimam
1209 4190 1423 4262 descriptionem

277 4286 347 4340 mihi
365 4285 525 4340 transmisit.
553 4285 631 4339 Idem
649 4284 720 4339 mihi
739 4283 851 4354 scripsit
868 4282 1010 4352 Eggerum
1029 4280 1083 4334 sibi
1102 4281 1202 4335 dixisse
1218 4280 1423 4335 ‘Ansileubium

277 4373 363 4429 fuisse
386 4374 548 4445 episcopum
567 4373 727 4430 Gallicum'.
765 4373 840 4427 Num
863 4371 933 4425 forte
956 4369 1014 4426 tale
1037 4370 1104 4439 quid
1125 4369 1157 4424 in
1179 4369 1274 4424 codice
1293 4369 1422 4425 Cambra-

279 4463 354 4522 censi
371 4463 418 4518 rel
437 4463 591 4519 Turonensi
610 4463 745 4534 scriptum
764 4464 823 4517 est?
