3216 5126
693 307 930 372 -165-

331 465 381 528 12.
404 463 608 530 Glossarium
622 457 739 531 lllaori
759 467 939 552 cuiusdam,
957 469 1043 553 quod
1062 461 1178 533 ‘multa
1197 491 1267 534 eum
1283 469 1385 554 Papia

237 570 380 636 habebat
399 570 605 656 eommunia’,
627 572 760 638 Isaaous
779 572 916 640 Vossius
935 575 1074 641 Nieolao
1094 575 1231 642 Heinsio
1256 578 1383 642 11683

181 683 184 690 '
237 679 434 744 transmisit:
459 679 498 744 ef.
522 678 603 764 Syll.
626 681 802 746 Burmann.
825 685 849 746 t.
872 681 930 746 lH.
953 682 1077 784 p3‘558.
1189 759 1191 762 ¹

333 785 382 850 13.
405 785 444 849 In
463 787 572 856 codiee
592 789 1039 873 eeclesiaeMetropolitanae
1060 787 1291 856 Coloniensi
1305 789 1384 854 XIX

214 889 508 978 ¹(Darmstadiensi
528 893 584 982 98)
608 896 742 959 membr.
767 916 849 959 saec.
867 893 913 958 IX
936 892 977 960 4⁰
1004 894 1157 960 foliorum
1183 895 1245 960 146
1270 892 1312 980 (1.
1335 918 1384 960 aa

236 999 383 1084 talogum
406 999 551 1065 Berolini
575 1024 602 1066 a.
629 1002 715 1066 1874
739 1001 779 1065 ab
802 1000 903 1066 Iaffeo
928 1005 960 1066 et
983 1001 1237 1067 Wattenbaehio
1262 1002 1383 1067 editum

235 1127 266 1188 p.
286 1103 321 1191 8)
343 1105 425 1170 folia
443 1106 530 1171 5-6
554 1107 749 1191 glossarium
768 1107 935 1192 exhibent,
958 1109 1044 1193 quod
1061 1107 1238 1172 maximam
1256 1113 1383 1192 partem

236 1213 276 1276 ad
290 1211 397 1277 Bedae
416 1213 589 1278 historiam
613 1214 867 1279 eeclesiasticam
881 1213 1064 1298 Anglorum
1088 1215 1250 1297 pertinere
1264 1213 1382 1280 Iaffeus

235 1318 326 1383 vidit.
371 1319 422 1384 Ex
446 1342 572 1385 eonon
595 1322 701 1385 nullas
731 1307 858 1406 glossas
882 1320 986 1412 editas
1009 1321 1110 1386 habes
1135 1321 1310 1404 appendice
1333 1321 1383 1386 ΠΙ

235 1448 266 1509 p.
288 1426 350 1490 103
362 1448 407 1510 sq.
416 1423 449 1512 1).
721 1476 731 1488 ,

308 1533 377 1600 14.
403 1532 484 1611 Post
507 1531 626 1618 Angeli
648 1531 715 1597 Mai
740 1538 880 1599 mortem
903 1533 1027 1599 Romae
1051 1557 1078 1598 a.
1100 1534 1183 1598 1871
1208 1532 1381 1618 Appendix

233 1639 275 1704 ad
294 1661 392 1724 opera
411 1639 452 1704 ab
472 1661 509 1704 eo
529 1639 617 1704 edita
635 1640 768 1722 prodiit.
800 1639 853 1705 Ibi
872 1663 902 1725 p.
919 1641 960 1704 69
972 1662 1018 1724 sq.
1038 1662 1077 1704 ex
1096 1639 1205 1704 codiee
1219 1638 1381 1706 Vaticano

232 1744 392 1810 Urbinate
415 1746 480 1811 452
510 1747 659 1830 prolatae
690 1750 766 1811 sunt
795 1748 836 1812 70
864 1747 931 1810 fere
960 1748 1104 1832 glossae,
1134 1769 1216 1831 quae
1246 1769 1302 1812 sex
1330 1770 1381 1811 ex·
1443 1727 1449 1736 ⁸

233 1853 335 1936 ceptis
360 1875 421 1935 ap
444 1851 674 1936 insipientibus
699 1876 809 1918 omnes
835 1854 875 1918 ad
897 1855 1018 1937 primas
1038 1857 1192 1937 quattuor
1216 1853 1381 1937 alphabeti
1467 1897 1470 1903 -

232 1957 359 2023 litteras
380 1961 538 2041 spectant.
565 1959 731 2024 Pertinent
750 1963 858 2024 autem
877 1959 952 2024 inde
968 1961 1023 2023 ab:
1053 1958 1105 2023 ‘ab
1125 1959 1210 2024 imo:
1229 1959 1379 2023 deorsum

232 2065 406 2132 abhorret:
426 2063 589 2149 discrepat
632 2067 744 2134 abice:
768 2065 893 2149 expelle
935 2067 1040 2130 abile:
1060 2065 1184 2150 aptum’
1204 2087 1304 2148 usque
1324 2065 1379 2129 ad:

234 2170 452 2255 ‘primipilusz
476 2173 532 2257 qui
554 2173 705 2256 primam¹
715 2173 845 2237 hastam
869 2176 981 2257 portat
1037 2171 1151 2255 privo:
1176 2171 1298 2255 adimo,
1326 2171 1378 2236 de·

232 2297 327 2360 eerpo
383 2279 505 2361 probe:
534 2278 670 2344 honeste
695 2283 727 2344 et
749 2278 852 2362 bene’,
884 2280 946 2343 hoe
972 2278 1068 2342 titulo
1098 2278 1242 2361 praefixo
1267 2276 1378 2342 ‘Imo-

231 2387 370 2468 gontes
402 2385 440 2448 de
472 2387 611 2452 vetustis
644 2385 832 2453 vocabulis'.
883 2384 1093 2470 ‘Imogontes'
1126 2385 1181 2449 ille
1215 2382 1377 2450 Guilelmo

203 2517 205 2522 ·
232 2488 409 2558 Sabmitzio
433 2515 471 2558 ex
495 2493 871 2560 ΕΤΥΜΟΛΟΓΟΥΝΤΕ(
893 2496 989 2557 natus
1014 2514 1084 2556 esse
1107 2489 1243 2556 videtur.

322 2598 371 2663 15.
394 2598 425 2662 A
445 2599 540 2665 ‘libro
561 2599 755 2684 glossarum’
778 2599 917 2683 pendere
932 2599 1049 2662 dieitur
1063 2597 1199 2678 Fausti
1213 2595 1378 2662 Romani

231 2705 397 2770 cuiusdam
429 2707 639 2791 glossarium,
671 2728 734 2791 quo
765 2703 890 2789 Caspar
922 2703 1078 2769 Barthius
1111 2703 1145 2766 in
1172 2703 1377 2768 Adversariis

231 2811 472 2876 commentariis
504 2812 690 2896 frequenter
722 2811 834 2876 utitur.
872 2810 944 2876 Hoc
976 2811 1061 2874 enim
1090 2809 1239 2874 ‘minime
1262 2809 1376 2874 breve'

231 2939 250 2980 a
278 2917 456 2982 ‘minorum
483 2919 630 3003 gentium
657 2917 820 3002 rhapsodo
849 2917 1007 3002 magistro
1031 2914 1149 3001 Papia'
1181 2915 1377 2999 exscriptum
1457 2987 1459 2991 ,

231 3047 300 3088 esse
330 3025 385 3089 ille
414 3029 533 3090 narrat
583 3024 758 3090 Praeterea
790 3023 828 3088 de
860 3022 967 3088 indole
1000 3022 1154 3106 glossarii
1185 3022 1376 3087 111111111-

229 3131 297 3215 psit
323 3154 354 3215 p.
378 3131 457 3196 511:
490 3130 582 3195 ‘sunt
611 3131 695 3215 apud
724 3153 775 3196 me
796 3131 838 3214 ,in
866 3128 1056 3208 conditoriis
1084 3132 1230 3192 veterum
1255 3152 1375 3195 memo-

229 3237 352 3302 riarum
381 3237 493 3302 Fausti
520 3236 659 3302 Romani
685 3274 723 3284 -
750 3236 918 3320 scriptoris
948 3236 1027 3301 adeo
1055 3236 1150 3319 probi
1183 3239 1216 3299 et
1248 3236 1376 3320 eruditi,

229 3350 266 3408 11
297 3345 423 3410 nullum
455 3343 559 3408 adhue
591 3343 728 3408 viderim
761 3365 856 3427 quem
888 3342 939 3407 illi
969 3341 1133 3425 praeferre
1166 3343 1276 3426 velim,
1307 3343 1375 3407 eius

230 3450 359 3534 quidem
386 3451 514 3534 generis
537 3487 580 3496 -
605 3451 746 3535 glossae,
774 3472 840 3515 non
867 3450 997 3533 quidem
1025 3448 1136 3513 multis
1165 3450 1286 3533 verbis,
1320 3450 1375 3514 sed

229 3557 369 3640 plurima
398 3559 508 3620 temen
540 3557 699 3648 voeabula
731 3555 940 3622 enarrantes’.
985 3554 1073 3620 Num
1100 3577 1135 3619 re
1162 3578 1239 3620 vera
1261 3556 1374 3621 Fausti

228 3662 368 3729 Romani
400 3663 615 3748 glossarium,
628 3663 791 3728 exstiterit
823 3662 996 3727 admodum
1029 3661 1163 3725 dubium
1201 3665 1263 3746 est,
1301 3685 1374 3728 eum

229 3771 383 3835 Barthius
407 3771 457 3834 vir
475 3771 639 3835 sublestae
658 3771 732 3835 fidei
751 3770 831 3833 illud
849 3791 947 3852 penes
963 3791 997 3833 se
1012 3772 1138 3832 exstare
1158 3768 1254 3833 dieat.
1285 3769 1373 3845 Quae

228 3878 302 3942 inde
324 3877 463 3961 protulit
486 3899 559 3942 eum
582 3876 679 3943 ‘libro
703 3875 897 3960 glossarum’
920 3875 1003 3940 nihil
1035 3875 1101 3940 fere
1125 3896 1293 3940 commune
1316 3876 1372 3939 ha-

229 3985 319 4062 bent,
341 4005 444 4067 neque
467 3989 578 4049 tamen
601 3983 711 4047 omnia
733 3983 810 4046 fieta
834 4004 903 4047 esse
927 3983 1085 4048 videntur.

302 4249 322 4319 1)
341 4248 384 4303 Ibi
402 4266 429 4316 p.
446 4253 519 4302 1041
541 4246 570 4300 11
584 4245 677 4316 glossa
694 4248 780 4316 plecte
799 4247 872 4300 ande
885 4251 1039 4314 1111111111
1057 4246 1149 4314 thara,
1170 4260 1254 4313 quam
1270 4244 1371 4300 Iaffeus

229 4339 268 4393 sie
282 4337 391 4393 scribit:
413 4337 531 4406 ‘plectro
543 4350 552 4390 ε
567 4336 639 4390 unde
654 4335 848 4404 percutiuntur
861 4335 963 4402 thara,
984 4333 1089 4387 ‘thara'
1105 4333 1176 4386 illud
1190 4349 1246 4386 non
1261 4335 1304 4388 est
1317 4350 1370 4388 vox

229 4426 400 4497 germanica,
419 4443 482 4480 eum
504 4425 708 4480 emendandum
727 4424 764 4478 sit
776 4425 901 4493 ploraret
920 4425 993 4478 111111
1006 4423 1163 4492 percutitur
1181 4422 1296 4486 cithara.
