3178 5122
688 315 904 382 ..58-

224 475 330 540 forma
349 475 505 560 quaedam
519 476 583 541 fuit
597 477 631 540 in
645 476 789 561 linguam
805 478 939 542 latinam
957 499 973 541 e
988 477 1126 542 dialecto
1145 479 1282 559 recepta,
1302 476 1369 540 sive

227 583 363 662 βάκηλο(
391 583 426 646 in
453 604 509 647 ore
536 583 756 648 Romanorum
788 586 970 667 paullulum
1001 587 1268 660 transmutatum,
1301 582 1369 646 sive

225 689 324 752 etiam
347 689 466 754 baralus
487 712 546 773 pro
570 692 695 774 aarum
718 691 944 775 corrigendum
963 695 1020 756 est.
1058 691 1227 756 Buceoluru
1250 688 1369 752 dixisse

225 795 410 880 Augustum
434 819 492 880 pro
518 796 619 862 stulto
640 820 679 861 ex
693 795 841 862 Suetonii
860 820 928 883 cap.
944 800 984 864 87
1005 799 1039 862 in
1053 798 1168 882 vulgus
1183 801 1298 862 notum
1313 799 1370 860 est.

223 903 348 968 Fatuus
371 904 533 987 corrigere
557 927 752 989 quamquam
776 906 857 970 satis
885 905 968 970 lenis
992 905 1117 968 medela
1139 903 1267 968 videtur
1291 924 1370 986 esse,
1494 927 1502 933 ·

224 1013 335 1074 tamen
354 1010 538 1094 scrupulum
562 1031 634 1073 cum
654 1011 797 1075 omnium
821 1011 967 1076 oodioum
990 1032 1164 1076 consensus
1189 1011 1282 1074 inicit
1300 1013 1369 1074 tum

224 1116 480 1181 additamentum
513 1115 665 1200 glossarii
698 1103 880 1183 Salomonis
911 1119 946 1183 iu
973 1119 1069 1182 vitris.
1110 1117 1196 1182 lllud
1230 1138 1307 1182 sane
1339 1116 1370 1180 ei

225 1222 280 1307 qui
300 1222 427 1307 glossas
442 1223 535 1286 novit
552 1221 649 1286 facile
664 1222 698 1286 in
712 1228 853 1288 mentem
867 1224 989 1308 veniet,
1007 1245 1085 1288 num
1099 1223 1183 1287 forte
1199 1222 1233 1286 in
1246 1222 1370 1288 iuuitrr's

223 1328 341 1392 litteris
369 1329 473 1394 lateat
500 1351 561 1396 vox
590 1331 747 1412 quaedam
775 1351 905 1415 graeca,
936 1353 1008 1396 oum
1032 1330 1151 1415 glossis
1180 1352 1219 1393 ex
1247 1330 1369 1394 maiore

224 1437 339 1501 ubuurs
367 1435 516 1521 glossarii
545 1436 701 1501 memoria
727 1437 942 1520 pendentibus
968 1441 1019 1502 sat
1048 1458 1143 1520 saepe
1168 1457 1285 1522 graeca
1307 1457 1370 1500 vox

226 1543 363 1607 addatur
377 1541 551 1626 eademque
574 1543 609 1606 in
629 1543 789 1626 glossario
805 1541 989 1608 Salomonis
1013 1544 1123 1608 latinis
1147 1543 1267 1608 litteris
1281 1543 1371 1608 reddi

227 1651 340 1716 soleat.
367 1651 439 1714 Hoc
454 1655 562 1715 tamen
576 1651 787 1716 fundamento
806 1651 883 1716 nixo
903 1674 975 1716 oum
995 1651 1177 1718 emendatio
1202 1649 1283 1714 mihi
1305 1672 1372 1714 non

227 1758 431 1836 successerit,
454 1759 525 1822 visa
545 1762 595 1822 est
617 1758 729 1842 glossa
747 1759 872 1822 auctior
891 1758 960 1822 illic
979 1755 1115 1841 exstare,
1135 1759 1230 1840 atque
1250 1758 1372 1822 conieci

226 1865 369 1927 bucerus:
389 1865 462 1929 baro
479 1865 581 1944 fuctus
595 1867 629 1929 r'u
643 1866 736 1943 uitiis,
756 1886 836 1949 quae
855 1869 966 1929 tamen
985 1865 1169 1929 coniectura
1191 1864 1292 1928 habet
1316 1886 1372 1928 cur

227 1991 293 2033 non
316 1970 496 2053 probabilis
520 1972 678 2036 videatur.
1389 1965 1391 1972 ¹

483 2149 593 2214 Baen:
618 2153 668 2213 est
691 2149 886 2214 lamina
910 2154 1019 2233 potest
1041 2149 1105 2214 dici

316 2289 462 2382 Scaliger
475 2314 504 2375 p.
519 2294 593 2375 671,
604 2293 661 2376 62,
684 2293 740 2376 qui
759 2291 842 2356 unde
860 2292 1006 2356 hauserit
1019 2293 1136 2357 nescio.
1169 2292 1259 2357 Idem
1277 2314 1371 2356 voca-

227 2396 338 2462 bulum
361 2398 394 2461 in
417 2399 606 2482 breviloquo
631 2403 751 2483 exstat,
775 2421 870 2484 quem
894 2421 965 2464 oum
987 2400 1145 2482 inspicere
1164 2421 1230 2464 non
1248 2401 1370 2483 possim

227 2524 265 2566 ex
279 2502 418 2567 Arevalo
442 2504 548 2568 locum
573 2505 742 2588 depromo:
766 2506 862 2570 buben
872 2527 990 2589 praere,
1014 2526 1127 2570 rorouu
1141 2507 1236 2571 lutiae
1249 2506 1370 2583 dieitur,

226 2609 304 2673 item
319 2610 353 2673 in
367 2610 526 2695 glossario
542 2609 768 2677 Diafenbaohii
783 2635 812 2695 p.
824 2612 888 2676 650
907 2612 982 2676 baeu
997 2611 1094 2676 buben
1108 2612 1220 2676 boehm
1234 2613 1290 2677 beu
1304 2611 1370 2676 fere

227 2716 378 2781 scribitur
393 2720 488 2802 atque
504 2717 741 2783 ‘ornamentum
756 2717 853 2802 colli’,
872 2717 1057 2802 ‘halapant’,
1077 2719 1172 2783 aliter
1186 2718 1370 2801 explicatur.

225 2824 396 2889 Ianssonio
429 2824 469 2888 ab
497 2825 709 2889 Almeloveen
738 2823 948 2890 ‘Saxonicum
978 2826 1107 2890 videtur
1136 2825 1266 2908 sapere'
1299 2825 1372 2890 coll.

227 2927 415 3012 Spelmanni
443 2929 651 3014 Archaiolog.
681 2953 710 2993 v.
734 2931 978 3015 beouuurupiuru,
1010 2930 1169 2995 Vulcanio
1197 2952 1227 3012 p.
1251 2931 1308 3014 93,
1327 2932 1368 2995 51

227 3039 339 3101 contra
366 3036 592 3121 Hispanicum:
625 3037 725 3102 ‘forte
756 3039 863 3102 burro:
893 3038 940 3102 ita
973 3040 1058 3103 enim
1088 3038 1184 3102 hodie
1212 3036 1369 3121 Hispanis

227 3146 359 3207 vocatur
376 3143 502 3228 ¹lurur'uu
525 3144 577 3208 vel
599 3164 703 3208 urussu
727 3149 759 3208 et
781 3143 903 3210 discis?

603 3321 808 3387 Balastrum:
833 3322 984 3387 balneum

316 3461 462 3549 Scaliger
485 3486 515 3547 p.
539 3465 613 3548 671,
628 3464 670 3528 39
695 3487 733 3528 ex
757 3465 824 3529 ood.
848 3463 995 3530 Leidensi
1014 3463 1102 3528 6761
1126 3464 1146 3527 f.
1169 3464 1267 3528 10ch
1291 3463 1370 3528 alibi

226 3571 410 3635 belustruru:
435 3571 460 3635 6.
484 3567 567 3654 (cod.
581 3569 753 3636 Beruensis
775 3572 837 3635 178
861 3571 882 3635 f.
898 3569 1009 3655 20²a)3
1034 3571 1219 3635 bulustturu:
1239 3571 1264 3634 b.
1288 3567 1370 3655 (cod.

226 3676 406 3741 Vossianus
431 3677 499 3742 Fol.
514 3678 557 3742 82
581 3681 613 3741 et
636 3677 733 3761 glosa.
749 3675 961 3763 Salomonis);
985 3677 1156 3742 blustruur:
1180 3678 1205 3742 b.
1230 3680 1263 3741 et
1286 3677 1337 3742 bul
1356 3712 1370 3726 ..

225 3789 312 3848 stru:
336 3784 361 3847 6.
385 3780 467 3867 (cod.
491 3783 671 3848 Vossianus
695 3783 764 3848 Fol.
779 3781 846 3869 24).
882 3782 968 3847 Hinc
991 3787 1102 3867 aperte
1127 3784 1266 3848 conficta
1290 3804 1370 3866 quae

226 3889 402 3974 OsbernuS,
420 3889 576 3976 Hugutio‚
595 3890 732 3955 Ioannes
753 3889 791 3952 de
805 3888 907 3953 Ianua
924 3889 991 3953 fere
1011 3889 1177 3953 exhibent:
1199 3889 1371 3953 bulustruur

227 3999 294 4063 sive
322 3999 527 4064 bulustrr'uru:
556 3999 651 4080 torua,
679 3999 731 4061 ubi
758 3997 857 4061 multu
879 3997 1096 4079 mattulam,
1123 3997 1203 4078 quood
1225 3995 1371 4059 lustretur

226 4106 350 4171 buluer's.
396 4105 609 4171 Hariolantur
637 4103 828 4168 Eustathius
858 4101 1014 4168 Swartius
1042 4102 1136 4167 Anal.
1159 4101 1204 4180 H,
1228 4101 1282 4185 12,
1315 4101 1370 4185 qui

227 4213 406 4277 budustruru
429 4212 497 4277 sive
516 4213 706 4276 teristratum
726 4211 792 4275 sive
812 4211 985 4276 budstuturu
1009 4209 1141 4293 conicit,
1163 4230 1275 4273 vocem
1300 4227 1370 4292 ger-

226 4319 384 4384 manicam
408 4320 508 4384 latere
533 4319 728 4400 suspicatus,
752 4323 785 4382 et
802 4317 989 4383 ianssonius
1014 4318 1054 4381 ab
1069 4316 1291 4397 Almeloveen‚
1316 4315 1370 4398 qui

228 4424 357 4494 Suartii
381 4427 599 4493 coniecturam
622 4425 761 4492 Koronis
790 4424 900 4510 glossa
923 4425 1123 4490 bauwarum:
1141 4423 1226 4508 pudo
1256 4422 1370 4489 confir-
