3216 5126
681 287 924 351 -138-

231 449 266 513 in
285 454 392 514 mente
411 449 515 514 habeo
535 448 661 512 codices
683 447 768 511 inter
789 468 823 510 se
844 449 1001 530 cognatos
1026 467 1095 510 esse
1118 445 1180 509 tibi
1204 444 1375 509 conceden-

234 555 310 619 dum
334 559 392 620 est.

321 659 430 726 Codex
449 661 663 726 Vaticanus
683 657 802 744 33201)
827 682 868 722 m.
884 679 965 723 saec.
979 658 1026 722 IX
1045 659 1066 721 f.
1084 659 1229 722 1-2121
1253 657 1376 741 glossa-

232 771 314 834 rium
335 769 465 832 exhibet
483 769 666 851 integrum,¹
684 788 821 850 quocum
844 765 1011 847 proximae
1035 765 1283 829 necessitudinis
1307 764 1376 828 vin·

231 877 301 940 culo
326 875 532 940 coniunctum
556 896 625 938 esse
646 873 763 938 codicis
779 871 1097 937 Vindobonensis
1115 873 1202 936 2404
1228 871 1377 954 [ODXIX

230 981 433 1062 Endlicheri]
457 981 676 1066 fragmentum
700 984 773 1044 octo
798 979 949 1042 foliorum
964 976 1006 1042 4⁰
1025 1001 1065 1041 m.
1081 1001 1161 1042 saec.
1176 979 1222 1043 IX
1242 980 1375 1063 scripto-

231 1112 303 1153 rum
326 1091 359 1152 et
377 1088 420 1174 ad
444 1086 520 1150 AB
543 1087 670 1150 litteras
694 1089 821 1150 tantum
846 1085 1061 1168 spectantium
1084 1107 1150 1149 non
1173 1086 1304 1151 difficile
1328 1091 1377 1150 est

233 1196 272 1259 ad
296 1193 589 1259 demonstrandum.
635 1193 740 1256 Paene
770 1193 854 1256 idem
879 1192 1045 1276 utriusque
1073 1192 1224 1276 glossarii
1247 1193 1377 1258 titulus:

394 1315 629 1370 vindobonensis:
1013 1313 1181 1368 Vaticanus:

232 1423 334 1492 Incipit
352 1423 423 1478 liber
437 1421 632 1491 aethimologi,
651 1422 680 1475 id
696 1423 739 1476 est
756 1422 791 1476 de
818 1423 849 1476 ln
859 1421 969 1476 nomine
979 1419 1086 1475 domini
1099 1409 1200 1489 incipit
1212 1421 1283 1475 liber
1297 1423 1376 1490 ethy-

268 1510 440 1580 proprietate
460 1528 617 1584 sermonum
636 1511 680 1564 vel
704 1512 790 1580 glosa,
854 1510 1046 1580 mologiarnm,
1061 1509 1090 1563 id
1104 1510 1191 1564 estde
1205 1510 1377 1579 proprietate

269 1601 321 1654 hec
340 1602 384 1653 est
400 1599 629 1654 hermeneumata
652 1600 687 1654 ab
706 1598 731 1652 A
749 1618 791 1652 us·
855 1616 1011 1657 sermonum
1026 1599 1071 1652 vel
1085 1599 1172 1666 glosa.
1191 1598 1244 1652 hoc
1258 1600 1301 1654 est
1314 1599 1377 1668 ber-

270 1705 323 1758 que
346 1688 364 1741 Z
855 1687 1017 1742 nineumata
1035 1689 1072 1742 ab
1090 1689 1113 1741 A
1132 1705 1219 1757 usque
1238 1688 1267 1742 in
1286 1687 1305 1740 Z

233 1815 346 1898 Neque
369 1816 476 1880 minus
500 1817 705 1880 consentiunt
728 1838 749 1880 a
772 1817 901 1880 litterae
924 1816 1097 1900 utrobique
1120 1815 1292 1898 principia:

392 1937 625 1991 Vindobonensis:
1014 1938 1181 1993 Vaticanus:

232 2044 295 2096 Aa:
314 2060 368 2097 nox
387 2044 506 2098 dolentis
525 2047 568 2098 est
586 2044 631 2098 ide
651 2062 757 2099 uacuae
820 2046 881 2099 Aa:
902 2062 955 2098 uox
973 2043 1093 2098 dolentis
1113 2042 1202 2097 estid
1221 2043 1265 2096 est
1284 2059 1352 2096 neue

233 2132 297 2186 Ab:
317 2133 435 2186 ablatiui
455 2151 534 2188 casus
552 2133 625 2187 idest
644 2135 743 2188 absens
820 2133 880 2187 Ab:
896 2133 1014 2188 ablatiui
1029 2150 1107 2186 casus
1122 2132 1207 2186 estid
1222 2132 1264 2184 est
1279 2131 1377 2185 absens

232 2221 334 2275 Abbat
354 2223 442 2290 pater.
479 2222 609 2276 Abacta:
628 2221 775 2276 immolata

232 2309 361 2364 Abactas
381 2312 508 2379 expulsa,
528 2312 639 2365 exclusa
820 2311 948 2365 Abactat
968 2311 1095 2380 expulsa,
1114 2309 1226 2364 exclusa

233 2434 379 2519 Denique
417 2437 543 2520 glossas
581 2438 756 2526 exquisitas
793 2439 969 2520 permultas
1003 2441 1036 2500 et
1068 2437 1101 2500 in
1131 2436 1376 2502 Vindobonensi
1414 2418 1420 2428 .

152 2579 161 2603 ρ
234 2546 266 2606 et
292 2543 326 2606 in
351 2542 509 2608 Vaticano
534 2548 660 2608 exstare
685 2543 760 2608 scie.
806 2543 1020 2608 Endlicherus
1049 2542 1198 2606 enimin
1226 2541 1375 2624 catalogo

233 2649 322 2713 codd.
345 2648 456 2732 philol.
480 2650 535 2712 lat.
559 2650 774 2715 bibliothecae
791 2650 1051 2715 Vindobonensis
1071 2671 1097 2714 a.
1116 2649 1198 2712 1839
1223 2649 1374 2732 evulgato

233 2779 263 2838 p.
283 2757 347 2820 295
372 2755 607 2820 ‘notabiliores’
630 2758 757 2842 glossas
782 2782 819 2822 ex
844 2758 899 2823 illo
925 2757 1025 2821 edidit
1043 2753 1133 2840 64²):
1158 2753 1238 2819 alias
1259 2753 1375 2818 Harte-

233 2861 295 2926 lius
319 2863 399 2926 mihi
423 2863 647 2927 commodavit.
687 2864 836 2948 Longum
861 2867 911 2928 est
934 2886 1119 2928 enumerare
1143 2862 1253 2927 omnia
1275 2883 1312 2924 ae
1335 2885 1375 2924 ne

235 2991 315 3051 opus
348 2969 489 3053 quidem,
523 2992 595 3034 cum
626 2971 756 3035 titulum
790 2977 822 3037 et
853 2953 1047 3055 principium
1081 2970 1160 3034 adeo
1193 2969 1376 3034 consentire

237 3070 420 3139 viderimus.

307 3250 327 3318 ¹)
346 3251 379 3303 V.
395 3252 550 3321 Augustum
565 3251 723 3306 Wilmanns
741 3253 770 3306 in
785 3253 854 3306 Mus.
868 3253 956 3306 Rhcn.
975 3254 995 3306 t.
1010 3252 1100 3308 XXlV
1122 3255 1157 3319 (a.
1173 3255 1252 3321 1869)
1271 3271 1298 3320 p.
1314 3257 1374 3304 381.

233 3340 273 3392 Ex
297 3340 393 3394 eodem
417 3340 511 3394 codice
535 3358 589 3394 non
612 3342 690 3394 nulla
713 3343 827 3396 enotata
849 3342 936 3395 debeo
959 3340 1097 3399 Guilelmo
1121 3341 1223 3410 Meyer.
1260 3339 1292 3394 In
1320 3339 1374 3392 sin-

233 3428 306 3498 gulis
334 3428 393 3482 eius
421 3428 531 3497 paginis
559 3429 639 3483 binas
668 3429 833 3504 ‘columnas’
863 3430 962 3498 habes,
994 3447 1112 3497 quarum
1144 3429 1173 3482 in
1205 3427 1376 3496 marginibus

233 3519 287 3571 aba
306 3519 355 3572 abc
374 3519 429 3574 abd
448 3518 629 3572 ...litterae
649 3518 731 3572 rubro
750 3518 841 3572 colore
864 3517 957 3586 pictae
977 3519 1048 3572 sunt.
1086 3520 1126 3572 Ac
1149 3518 1240 3586 priore
1263 3517 1376 3585 quidem

233 3607 361 3660 columna
380 3608 489 3678 glossae
509 3607 687 3661 continentur
705 3607 740 3660 ad
760 3608 833 3660 hunc
851 3607 908 3658 fero
927 3607 1052 3661 ordinem
1071 3625 1108 3661 ua
1127 3608 1160 3660 ab
1180 3624 1213 3660 ue
1231 3649 1235 3658 .
1252 3647 1278 3659 ..
1299 3605 1374 3675 dige-

233 3697 306 3763 stae,
332 3697 422 3750 altera
441 3698 535 3751 autem
554 3714 615 3764 eae,
638 3713 710 3766 quae
729 3696 858 3766 glossarii
877 3697 1004 3766 scriptori
1023 3714 1079 3751 non
1097 3696 1202 3750 latinae
1221 3713 1280 3750 esse
1299 3696 1374 3748 vide·

233 3785 347 3852 bantur,
366 3786 462 3839 ordine
480 3785 637 3839 litterarum
656 3785 745 3839 multo
764 3784 856 3838 minus
875 3787 1004 3840 accurate
1024 3786 1179 3841 observate.

306 3873 326 3942 l)
350 3873 400 3926 His
419 3873 519 3942 glossis
542 3873 659 3927 ducibus
681 3873 764 3928 facile
787 3873 971 3928 demonstrari
988 3874 1082 3943 potest
1098 3873 1240 3942 Angelum
1256 3871 1314 3925 Mai
1332 3888 1375 3925 co-

233 3961 322 4015 dicem
341 3961 509 4015 Vaticanum
529 3967 598 4014 3320
620 3961 649 4014 in
673 3961 758 4016 Class.
778 3964 858 4018 Auct.
882 3965 903 4017 t.
922 3964 961 4017 Vl
979 3982 1005 4032 p.
1026 3969 1173 4017 501—551
1199 3959 1374 4030 excerpsisse.

232 4051 273 4102 Ex
297 4050 336 4105 eis
359 4050 444 4118 enirn,
468 4067 537 4117 quas
561 4050 742 4104 Endlicherus
766 4069 780 4106 e
804 4052 924 4122 gemello
948 4052 1030 4120 plane
1055 4050 1149 4104 codice
1168 4047 1376 4126 Vindobonensi

234 4139 333 4207 edidit,
352 4138 452 4208 viginti
467 4155 513 4192 sex
528 4139 602 4208 apud
611 4139 717 4193 Maium
732 4158 842 4210 quoque
857 4141 982 4193 exstant:
1002 4141 1086 4208 atque
1101 4141 1116 4193 b
1132 4137 1246 4207 quidem
1264 4136 1375 4190 litterae

233 4227 340 4295 glossae
358 4227 579 4282 Endlicheranae
598 4245 654 4281 una
672 4231 789 4298 excepta
807 4245 910 4282 omnes.
951 4227 1066 4281 Accedit
1084 4227 1158 4295 quod
1177 4226 1301 4280 codicem
1324 4225 1375 4279 ali-

234 4331 317 4384 quem
340 4317 507 4371 Vaticanum
535 4317 639 4375 sacculi
662 4317 700 4373 IX
729 4335 757 4374 se
786 4317 922 4394 expilasse
945 4316 1034 4374 Maius
1061 4316 1121 4384 ipse
1147 4313 1215 4370 dicit
1239 4314 1268 4369 in
1295 4332 1374 4386 prae-

232 4405 338 4464 fatione
356 4424 382 4480 p.
397 4405 457 4466 VII.
