3178 5122
710 307 925 372 ..66-

540 555 545 569 “
581 552 779 618 Bassacum:
804 557 909 618 terrae
933 553 1042 619 hiatus

334 692 479 779 Scaliger
495 718 526 780 p.
541 696 616 780 671,
631 697 650 761 8
670 696 850 762 bossomm:
866 702 964 762 terroe
976 695 1134 802 biotmsex
1153 697 1221 761 cod.
1235 696 1387 764 Leidensi

245 801 321 865 67Ε
340 800 361 864 f.
376 801 457 883 9'b,
479 802 536 866 ubi
558 802 584 866 b.
604 807 680 866 terre
702 803 730 867 b.
766 801 879 887 Neque
903 803 1072 866 Reinesius
1096 801 1173 867 Var.
1193 802 1265 868 lect.
1278 803 1320 888 ll,
1337 806 1387 888 14,

244 929 339 992 quem
354 907 511 988 Graevius
531 931 561 992 p.
576 909 623 974 8b
644 914 755 992 aperte
779 910 946 992 exscribit,
967 910 1124 974 bussetum
1142 910 1263 975 collato
1282 911 1389 976 bassus
1512 987 1529 1018 0
1574 957 1575 1010 ζ

110 1025 115 1030 “
243 1014 415 1098 vocabulo,
446 1037 548 1099 neque
576 1014 713 1081 Goesius
742 1017 778 1080 in
804 1016 910 1080 indice
939 1016 1133 1099 scriptorum
1165 1016 1212 1079 rei
1240 1017 1388 1101 agrariae

243 1143 271 1184 r.
292 1121 427 1202 fossatus
453 1115 523 1185 hoc
543 1121 650 1206 ipsum
674 1122 826 1203 fossatum
852 1125 1069 1204 proponentes
1092 1144 1205 1186 verum
1229 1123 1387 1207 viderunt,

244 1227 300 1290 sed
314 1228 407 1291 unice
422 1226 578 1311 Scaliger,
593 1228 682 1292 cuius
697 1223 881 1293 emendatio
895 1228 1057 1293 baratrum
1070 1229 1242 1312 Excerptis
1257 1228 1387 1295 Pithoe-

244 1334 314 1398 anis
337 1356 368 1417 p.
383 1335 425 1399 53
449 1333 569 1402 dudum
593 1335 757 1418 adscripta
780 1334 941 1399 exstabat.
978 1332 1218 1417 Comprobatur
1240 1340 1277 1400 ut
1300 1360 1387 1403 asso-

242 1441 289 1504 let
313 1439 471 1524 Scaligeri
503 1441 689 1504 coniectura
719 1441 857 1505 aliarum
890 1440 1073 1523 glossarum
1103 1443 1269 1508 memoria.
1312 1444 1387 1528 Ipse

243 1547 329 1612 enim
356 1547 412 1611 ille
441 1547 509 1611 cod.
533 1545 620 1611 Leid.
644 1547 723 1612 mu
754 1547 818 1611 alio
846 1546 918 1610 loco
946 1545 968 1610 f.
992 1546 1059 1609 9Vb
1083 1583 1125 1592 —
1149 1547 1183 1611 id
1211 1551 1295 1633 quod
1323 1573 1388 1615 non

145 1689 157 1706 ·-
241 1675 317 1717 raro
340 1676 402 1718 usu
424 1655 514 1718 venit
540 1691 578 1700 ·-
607 1676 717 1718 reram
740 1653 870 1738 glossae
895 1653 1090 1735 scripturam
1114 1655 1268 1718 servavit:
1298 1656 1388 1721 burm

242 1766 345 1824 trum:
369 1766 446 1826 terre
463 1761 567 1825 brebes
585 1781 700 1842 merope
718 1760 863 1824 bosomm
882 1759 968 1838 fosso
984 1759 1148 1842 profmmdri
1164 1760 1242 1842 pree*
1257 1768 1313 1841 est,
1336 1766 1387 1828 cui

242 1867 321 1932 adde
341 1868 407 1931 cod.
422 1864 544 1952 Ampl.2
562 1867 645 1932 ined.
665 1864 756 1951 (ante
774 1866 946 1950 primamb
965 1866 1095 1930 litterae
1115 1866 1199 1949 apud
1214 1867 1388 1936 Oehlerum

242 1971 416 2062 glossam):
439 1975 619 2038 baratrum:
644 1979 742 2036 terme
763 1972 883 2036 biotam
904 1971 953 2035 ml
967 1971 1173 2053 profundum.

584 2223 726 2288 Bassus:
750 2243 877 2287 crassus

583 2328 724 2394 Bassus:
748 2329 894 2414 pinguis,
916 2330 1034 2394 obesus

330 2490 467 2555 Bassus:
482 2509 605 2555 orossms
618 2511 648 2572 p.
660 2489 782 2572 crum
798 2488 882 2553 unde
897 2489 1093 2572 excerpserit
1108 2488 1254 2578 Scaliger
1266 2494 1386 2561 nescio.

240 2596 357 2661 Altera
379 2601 488 2661 autem
512 2597 622 2681 glossa
645 2618 676 2679 p.
701 2596 775 2678 671,
790 2595 831 2659 37
857 2594 945 2658 edita
968 2616 1006 2659 ex
1030 2595 1098 2660 cod.
1120 2596 1271 2664 Leidensi
1295 2601 1385 2666 sslF¹

241 2703 262 2768 f.
279 2704 365 2767 lO'b
389 2703 496 2787 fluxit,
519 2703 577 2767 ubi
599 2703 690 2767 bosso
707 2704 839 2785 prapaes
857 2723 883 2765 o.
907 2702 975 2785 ipse
998 2701 1052 2766 hie
1076 2704 1188 2790 codex,
1211 2707 1384 2792 eademque

240 2811 275 2875 in
297 2811 419 2875 librum
442 2812 627 2895 glossarum
650 2811 785 2875 bessos:
802 2830 837 2890 p.
852 2829 878 2873 o.
898 2809 1020 2892 scripta
1039 2813 1194 2893 pervenit.
1228 2810 1281 2877 Sic
1299 2815 1385 2878 enim

240 2918 308 2982 Mai
322 2917 387 2981 Vll
405 2940 437 3001 p.
451 2917 556 3002 553b3
577 2917 644 2981 cod.
659 2915 833 2980 Beruensis
850 2915 890 2979 16
909 2914 931 2977 f.
946 2915 1045 3000 60¹b3
1065 2918 1132 2981 cod.
1147 2917 1242 2984 Voss.
1257 2920 1327 2985 Oct.
1341 2923 1384 2986 24

240 3022 307 3109 (hic
330 3026 407 3089 bmm
423 3046 457 3106 p.
481 3045 507 3088 o.
527 3023 681 3108 exhibet).
722 3023 867 3087 Tertiam
890 3023 1034 3107 glossam
1059 3022 1277 3116 Scaligeranis
1302 3028 1383 3092 addo

240 3132 365 3196 mrem:
386 3151 520 3214 prossus
534 3131 664 3214 mmm
687 3152 725 3193 ex
744 3130 813 3194 cod.
826 3125 950 3214 ΑιῃΡΙ.3
963 3153 993 3214 p.
1008 3131 1082 3214 279,
1097 3132 1116 3196 8
1137 3129 1198 3218 (sic
1211 3134 1255 3218 A3
1276 3155 1385 3217 prosus

239 3237 307 3325 W).
343 3235 419 3303 Non
441 3239 603 3304 noviciam
627 3260 697 3303 esse
716 3237 824 3302 bassus
846 3258 971 3320 vocem,
995 3237 1122 3303 sedvel
1145 3241 1384 3306 vetustissimae

239 3345 372 3430 linguae
390 3347 556 3429 propriam
575 3345 777 3410 demonstrat
789 3344 913 3410 Bassus
931 3364 1124 3428 cognomen:
1148 3346 1281 3411 eandem
1300 3348 1385 3431 apud

240 3453 432 3536 scriptorem
460 3451 618 3537 quendam
645 3453 725 3516 olim
754 3449 917 3515 exstitisse
945 3449 1078 3516 conicio.
1120 3449 1213 3526 Quod
1241 3453 1327 3516 enim
1350 3455 1384 3519 in

240 3560 311 3624 Act.
327 3581 390 3626 soc.
403 3559 484 3643 phil.
497 3558 585 3643 Lips.
599 3562 622 3622 t.
638 3557 671 3621 ΙΙ
690 3581 720 3641 p.
734 3558 798 3622 477
811 3579 857 3642 sq.
878 3557 961 3640 apud
977 3555 1142 3622 Catullum
1157 3557 1209 3642 39,
1225 3559 1264 3623 11
1285 3559 1384 3625 libro·

239 3689 311 3731 rum
339 3667 549 3750 scripturam:
581 3670 638 3729 om
659 3685 797 3746 porcas
827 3662 937 3728 Umber
963 3669 1020 3728 om
1045 3665 1149 3730 obesus
1170 3665 1324 3732 Etrmsms
1349 3669 1384 3734 in

239 3779 295 3838 om
321 3794 444 3839 crassos
472 3772 582 3838 Umber
610 3765 820 3853 mutavimus,
848 3769 911 3834 hoe
939 3792 1013 3835 suas
1041 3770 1142 3837 habet
1165 3772 1383 3859 difficultates,

240 3902 313 3945 cum
341 3880 410 3944 iure
438 3902 496 3945 suo
525 3877 714 3944 Schwabius
747 3877 834 3941 dicat
864 3875 999 3942 ‘librum
1027 3876 1226 3960 glossarum'
1257 3902 1383 3946 versum

238 3989 351 4072 procul
380 3987 477 4052 dubio
506 3986 552 4051 sio
580 3985 762 4050 exhibuisse
787 3985 958 4067 scriptum:
986 3989 1043 4048 emt
1062 3985 1192 4066 pmyms
1222 3984 1383 4055 Umber..

240 4093 311 4170 Qua
333 4117 372 4159 ex
395 4095 557 4178 scriptura
574 4115 647 4156 cum
667 4090 787 4156 Catulli
809 4092 968 4155 librorum
986 4096 1043 4155 om
1058 4111 1175 4173 parces
1199 4091 1310 4158 Umber
1330 4117 1383 4164 ne·

239 4223 400 4285 quaquam
422 4201 513 4266 nasci
535 4201 680 4283 potuisse
708 4199 869 4282 videatur,
898 4219 965 4262 non
988 4199 1143 4263 abhorret
1164 4203 1243 4281 puto
1268 4223 1287 4264 a
1310 4223 1383 4284 pro·

238 4308 410 4372 habilitate
429 4309 535 4391 ipsum
553 4307 635 4372 illud
648 4307 777 4389 praemis
795 4306 958 4390 glossema
973 4327 1042 4370 esse
1060 4327 1120 4388 pro
1135 4305 1258 4370 rariore
1273 4306 1384 4399 aliqua

239 4435 316 4478 voce
339 4413 374 4477 in
396 4435 526 4479 versum
548 4414 719 4478 invectum.
753 4410 876 4476 Glossis
898 4415 1006 4476 autem
1025 4411 1121 4476 modo
1138 4411 1287 4478 excitatis
1310 4434 1383 4480 cum
1483 4487 1487 4494 ⁴
