3232 5122
651 252 805 386 „205
852 339 893 349 -

203 462 259 545 dit,
278 484 317 526 cx
336 461 383 526 eis
406 483 472 526 non
496 461 564 527 sine
589 462 698 548 aliqua
721 463 952 547 probabilitate
976 464 1121 528 conicere
1140 463 1221 528 mihi
1240 465 1351 530 videor

203 569 416 653 multiplicem
443 569 528 633 hanc
556 570 727 642 materiam
754 571 936 655 glossarum
965 571 999 634 in
1022 575 1111 647 certa
1134 571 1241 655 capita
1265 571 1351 656 dige-

203 679 341 760 starum,
370 676 618 761 colloquiorum,
650 677 965 743 narratiuncularum
996 676 1220 742 aDosithei
1248 678 1350 742 libro

202 782 377 865 pendere.
414 782 521 867 Atque
545 788 582 847 ut
604 785 833 867 gravissimum
857 787 1084 868 argumentum
1108 784 1213 866 primo
1238 784 1350 848 statim

203 889 273 952 loco
297 889 473 973 proferam,
496 890 757 954 narratiunculae
780 912 860 974 ques
884 889 980 954 modo
1005 888 1255 954 commemoravi
1275 893 1351 952 sunt

202 994 372 1073 Ἀδριανοῦ
391 995 569 1074 ἀποφάεειε
594 993 638 1081 (p.
657 994 862 1080 299-305),
885 994 1078 1060 Dositheani
1096 995 1172 1060 libri
1190 997 1350 1080 propriae.

202 1101 376 1166 Praeterea
403 1106 510 1166 autem
538 1103 659 1171 ibidem
686 1104 771 1167 inest
797 1105 988 1182 καθημερινὴ
1018 1105 1274 1184 ευναναετροφή,
1305 1104 1351 1170 in·

126 1259 128 1264 .
204 1213 280 1273 sunt
299 1209 399 1273 etiam
419 1206 559 1292 ‘glossae
579 1209 675 1272 certis
694 1209 833 1273 rubricis
853 1207 1068 1272 distributae'.
1105 1209 1212 1293 Atque
1236 1210 1275 1273 de
1297 1209 1349 1274 his

204 1315 345 1400 quidem,
365 1313 518 1399 quoniam
538 1309 626 1379 solae
641 1315 681 1380 ad
694 1319 843 1381 nostrum
857 1315 919 1379 hoc
937 1337 1054 1381 munus
1069 1317 1247 1399 pertinent,
1264 1338 1349 1380 nunc

188 1407 366 1505 'agendum
389 1425 464 1504 est.¹

291 1579 469 1646 Dosithei
490 1579 729 1648 Grammaticos
750 1582 848 1648 codex
868 1583 1012 1649 omnium
1031 1583 1239 1667 plenissimus
1259 1580 1349 1647 San·

175 1705 178 1712 ·
202 1686 393 1771 gallensis
417 1688 482 1751 902
506 1687 636 1773 lesX
661 1688 800 1772 scriptus
823 1693 898 1773 post
921 1689 1060 1754 indicem
1083 1689 1254 1754 verborum
1277 1689 1349 1753 lati-

201 1815 318 1857 norum
336 1816 408 1857 cum
428 1794 696 1878 interpretatione
716 1816 832 1880 graeca
851 1796 892 1860 ab
906 1793 1050 1860 Henrico
1064 1795 1173 1862 Keilio
1193 1796 1314 1880 editum
1323 1792 1348 1881 ¹)

201 1899 223 1962 f.
241 1900 370 1964 19-23
394 1899 540 1992 continet
563 1901 702 1986 ‘glossas
722 1903 820 1967 certis
844 1902 980 1966 rubricis
1004 1901 1208 1967 distributas'
1232 1902 1305 1967 inde
1330 1924 1349 1965 a

201 2006 251 2070 De
273 2007 394 2089 officiis
441 2008 651 2087 Mocxordpoc
679 2009 875 2072 uictimarios
902 2029 1002 2091 usque
1031 2008 1070 2072 ad
1100 2010 1187 2090 (περὶ
1209 2009 1349 2092 luscinio)

203 2119 319 2193 αχθυε(
341 2114 453 2195 pisces,
482 2137 501 2178 a
523 2113 631 2179 Keilio
653 2115 802 2194 nondum
831 2115 943 2180 editas.
990 2114 1072 2179 Sunt
1096 2119 1204 2179 autem
1228 2116 1348 2179 similes

204 2220 265 2302 eis,
283 2241 363 2304 quas
376 2219 417 2284 Α.
432 2220 611 2286 Boucherie
630 2244 647 2284 e
666 2221 774 2287 codice
788 2222 1131 2305 Montepessulano
1147 2222 1211 2300 306
1231 2222 1349 2286 memb.

205 2345 287 2388 saec.
318 2324 365 2389 IX
403 2325 446 2390 4⁰
477 2328 543 2393 222
581 2328 735 2393 foliomm
775 2329 895 2395 litteris
934 2329 1115 2393 uncialibus
1155 2329 1275 2412 scripto
1314 2329 1349 2392 in

203 2606 331 2662 Vulcanii
350 2608 482 2664 thesauro
501 2609 584 2664 editis
599 2613 628 2665 et
645 2609 675 2664 in
694 2610 835 2681 glossariis
853 2610 922 2679 illis,
942 2627 1014 2680 quae
1028 2609 1198 2670 Londinensi
1213 2611 1350 2679 Stephani

203 2696 334 2751 thesauro
361 2699 471 2753 adiecta
499 2701 576 2768 sunt,
603 2699 730 2768 repetitis
756 2700 826 2754 haec
849 2699 981 2770 scribere:
1016 2699 1180 2753 ‘Vulcanius
1204 2700 1276 2754 unde
1298 2700 1350 2754 illa

203 2785 344 2854 colloquia
362 2787 512 2856 sumpserit
530 2806 584 2842 non
604 2787 685 2855 dicit,
709 2806 765 2842 non
787 2790 883 2858 potest
906 2789 1000 2842 autern
1018 2786 1073 2842 nisi
1091 2785 1194 2855 passim
1214 2804 1248 2841 ea
1265 2788 1350 2842 inter-

202 2875 323 2944 polavit,
350 2877 500 2946 sumpsisse
524 2895 558 2932 ex
581 2877 715 2947 impresso
731 2865 807 2931 'olim
826 2876 979 2949 exemplari
998 2875 1073 2945 quod
1091 2874 1175 2930 hodie
1192 2877 1250 2930 fere
1269 2875 1349 2947 igno-

202 2963 306 3018 ratur’:
323 2965 476 3040 ¹Theodori
495 2965 585 3020 Gazae
609 2982 709 3035 nempe
733 2965 935 3036 grammaticae
957 2963 1140 3018 institutionis
1164 2964 1236 3018 libro
1258 2965 1349 3049 primo

203 3055 228 3108 n'.
240 3058 307 3107 1516
323 3051 449 3110 Basileae
464 3055 553 3124 edito,
574 3041 619 3109 cui
633 3055 736 3110 Beatus
750 3055 900 3109 Rhenanus
919 3054 1023 3108 similia
1037 3052 1178 3121 colloquia
1192 3053 1349 3108 subiecerit.
1448 3087 1451 3092 ·

202 3142 240 3196 At
258 3142 335 3196 nullo
353 3144 436 3197 modo
456 3143 575 3213 cogitari
598 3145 692 3213 potest
714 3143 768 3198 hoc
785 3143 858 3198 libro
878 3142 1045 3198 Vulcaninm
1064 3159 1144 3195 usum
1164 3158 1237 3196 esse:
1256 3141 1350 3195 hausit

202 3232 297 3300 potius
317 3249 331 3286 e
352 3231 487 3301 Stephani
510 3239 623 3287 a.1573
649 3232 784 3301 editione,
807 3247 893 3302 quam
920 3231 1081 3287 fidelissime
1107 3230 1250 3299 expressit.
1288 3231 1348 3284 Ste-

202 3321 312 3391 phanus
330 3323 425 3375 autem
444 3322 518 3375 unde
537 3321 740 3390 deprompserit
758 3322 910 3390 colloquia,
932 3322 1019 3377 verba
1043 3334 1126 3388 supra
1145 3319 1283 3388 exscripta
1301 3319 1348 3373 do·
1388 3391 1390 3396 Ι

203 3411 279 3464 cent:
299 3427 314 3463 e
333 3409 428 3464 codice
447 3410 577 3464 nimirum
597 3411 655 3465 eius
675 3411 830 3479 simillimo,
850 3428 905 3480 quo
923 3411 1026 3466 Beatus
1045 3408 1196 3463 Rhenanus
1213 3425 1279 3462 usus
1299 3410 1347 3461 est.

202 3497 340 3553 Adhibuit
358 3499 433 3554 anim
451 3498 567 3566 librum,
587 3499 664 3554 cuius
682 3499 774 3568 prima
791 3516 856 3569 pars
878 3498 1016 3554 vocabula
1038 3498 1117 3552 iuxta
1140 3498 1235 3567 capita
1257 3514 1348 3552 rerum

202 3586 291 3641 instar
312 3586 377 3641 Iulii
399 3586 520 3640 Pollucis
544 3587 794 3656 complectebatur,
824 3588 946 3642 secunda
968 3587 1093 3641 habebat
1114 3586 1250 3642 dictiones
1271 3586 1350 3640 iuxta

204 3675 303 3730 seriem
322 3675 532 3730 elementariam
551 3675 685 3746 digestas,
705 3677 790 3731 tertia
808 3676 927 3745 denique
947 3675 1088 3743 colloquia
1108 3675 1276 3730 continebat.

278 3800 297 3867 ¹)
322 3800 354 3853 V.
374 3799 501 3854 Dosithei
519 3817 563 3855 ars
584 3800 769 3872 grammatica
792 3818 826 3856 ex
849 3800 944 3856 codice
968 3798 1146 3869 Sangallensi
1169 3799 1205 3853 ab
1228 3799 1348 3853 Henrico

202 3889 266 3942 Keil
289 3889 378 3944 Halae
407 3905 432 3944 a.
458 3894 526 3943 1871
555 3889 597 3944 ed.
624 3908 650 3959 p.
670 3895 793 3956 ts-oft.
835 3889 943 3944 Ibidem
970 3906 997 3957 p.
1017 3895 1084 3956 tsq.
1112 3887 1234 3941 indicem
1261 3887 1348 3940 habes

203 3995 298 4032 eorum
326 3994 398 4046 quae
423 3977 600 4049 Sangallensi
622 3978 785 4033 membrana
807 3977 992 4032 continentur.
1029 3977 1106 4030 Inter
1132 3976 1241 4045 largam
1269 3975 1349 4029 illam

202 4066 350 4122 verborum
369 4067 480 4136 copiam
498 4068 543 4121 sat
561 4068 651 4121 multa
670 4069 782 4121 exstant
798 4066 903 4136 partim
926 4066 1038 4120 aliunde
1061 4081 1116 4118 non
1139 4066 1218 4132 nota,
1244 4063 1348 4133 partim

203 4155 298 4224 aliqua
316 4155 351 4209 de
371 4171 455 4208 causa
473 4153 672 4209 memorabilia.
699 4155 728 4208 P.
745 4159 832 4224 6214
851 4152 900 4207 ubi
918 4153 1109 4222 Sangallensis
1127 4153 1241 4207 exhibet
1258 4154 1348 4208 delar-

202 4257 272 4312 9999
300 4244 485 4311 ἀεωτεύομαι,
513 4242 620 4297 Keilius
648 4240 760 4310 scripsit
782 4242 940 4309 delarpiorr
965 4242 1149 4309 ἀεωτεύομαι,
1178 4257 1230 4311 ego
1254 4240 1348 4310 potius

203 4332 347 4386 dciarcort
367 4333 539 4398 ἀεωτεύομαι
562 4330 777 4385 emendaverim.
814 4329 938 4384 Lucilius
964 4329 1088 4383 ‘lurceri'
1109 4329 1194 4383 verbo
1213 4348 1277 4384 usus
1296 4333 1348 4387 est.

203 4421 233 4473 P.
254 4425 345 4487 64,19
364 4419 453 4475 scribe
472 4421 574 4488 dotem
593 4418 703 4476 διυλίζω
722 4437 772 4488 pro
792 4435 824 4475 eo
844 4418 919 4488 quod
937 4418 967 4472 in
986 4416 1163 4488 Sangallensi
1181 4421 1225 4472 est
1242 4419 1346 4487 deficio.
