3216 5126
667 383 711 393 -
759 333 910 411 123'-

298 502 446 589 >Largam
475 505 656 588 glossarum
684 506 811 590 copiam
838 508 1052 572 revocandam
1082 530 1151 572 esse
1184 509 1224 574 ad
1253 509 1364 594 vulga·

218 613 285 673 tam
310 611 450 694 scriptur
508 633 625 684 sacrae
640 612 940 696 interpretationem
963 614 1044 677 nihil
1068 615 1186 678 mirum
1206 620 1264 680 est.
1300 614 1364 678 Ve-

218 716 267 780 lut
290 717 330 780 ad
349 717 426 781 Levi
501 717 622 802 XXIII,
636 718 680 781 40
700 717 908 804 ‘sumetisque
929 720 1021 784 vobis
1042 720 1092 784 die
1113 721 1218 804 primo
1239 720 1364 784 fructus

219 822 343 886 arboris
371 823 604 906 pulcherrimae
633 825 876 908 spatulasque
906 825 1099 908 palmarum'
1132 830 1257 911 spectat
1284 827 1364 890 haee

219 928 328 1012 glossa
341 952 371 1013 p.
387 931 461 1014 373,
474 932 514 995 12
537 928 760 1014 spatulasllz
783 933 868 995 rami
885 954 906 996 a
923 932 1127 997 slmilttadiae
1144 937 1251 1014 spatae
1269 928 1365 1017 (spati

220 1032 301 1121 eod.)
333 1035 415 1099 dieti.
462 1035 611 1101 Glossam
644 1061 674 1121 p.
702 1039 781 1116 356,
800 1039 856 1102 39:
890 1059 976 1120 opere
1000 1039 1182 1121 plumario:
1216 1039 1365 1103 te'sitlaidi

219 1143 325 1205 anerei
348 1138 407 1227 (sic
426 1140 632 1225 Elpinalensis
656 1144 977 1227 interpretamentum
1001 1145 1288 1230 anglosaxonicam
1313 1167 1365 1206 ex·

218 1244 322 1332 hibet)
354 1247 439 1310 refer
467 1247 506 1310 ad
533 1248 639 1313 Exodi
662 1250 780 1334 XXVI,
798 1253 831 1316 1:
865 1251 985 1315 ‘decem
1019 1253 1160 1317 cortinas
1194 1251 1232 1314 de
1265 1253 1364 1334 bysso
1394 1247 1396 1252 ’
1472 1300 1475 1305 -

219 1357 417 1418 retorta
441 1355 582 1418 variatas
607 1376 721 1439 opere
744 1358 933 1440 plumario
957 1357 1077 1422 facies'.
1115 1357 1366 1441 Corruptissima

219 1464 269 1524 est
283 1459 411 1524 Oehleri
430 1481 461 1542 p.
476 1460 550 1545 337,
564 1462 607 1525 43
632 1463 754 1546 glossa:
778 1463 893 1528 hostiae
909 1466 1078 1546 pontificae
1095 1467 1131 1528 de
1152 1465 1263 1546 pactas
1279 1465 1366 1546 ptest

217 1569 381 1632 candaca.
422 1566 467 1630 At
488 1553 654 1648 pontificae
677 1591 743 1633 non
768 1571 922 1653 scriptum
948 1571 1076 1653 repperi
1100 1571 1135 1633 in
1160 1569 1283 1653 codice,
1309 1569 1365 1632 sed

215 1676 386 1757 pactificae.
431 1674 545 1758 Itaque
569 1676 767 1740 emendanda
795 1680 844 1740 est
870 1677 986 1741 laosta'ae
1006 1678 1176 1760 pacificae:
1200 1676 1366 1757 dequibus

213 1781 300 1863 plebs
323 1783 491 1844 manducat
513 1784 545 1844 et
568 1803 640 1844 curn
659 1781 792 1846 Levitici
806 1782 891 1866 ΙΙΙ,1
918 1782 1127 1847 conferenda:
1152 1782 1278 1866 ‘quodsi
1301 1782 1367 1845 ho-

221 1888 297 1950 stia
326 1889 582 1971 pacificorum
611 1888 710 1954 fuerit
739 1890 808 1952 eius
839 1889 997 1954 oblatio..
1017 1888 1064 1955 ..⁹
1108 1887 1260 1952 Ceterum
1288 1888 1366 1951 alibi

221 2015 346 2078 quoque
360 1995 395 2058 in
408 1993 552 2059 Lev1'tico
570 1991 689 2058 ‘hostia
707 1993 926 2079 pacificorum’
945 1994 1055 2078 habes,
1074 1996 1187 2058 contra
1207 1992 1363 2076 ‘pacifica'

223 2100 370 2165 absolute
393 2101 535 2184 positum
558 2101 593 2164 in
615 2101 706 2166 libris
730 2101 1011 2186 Paralipomenon.

382 2369 411 2431 2.
444 2366 499 2430 De
523 2368 716 2452 glossario
741 2365 1000 2450 Amploniano
1025 2367 1197 2431 secundo,

312 2523 438 2591 Codicis
471 2527 682 2610 Amploniani
715 2528 853 2592 secundo
886 2529 1045 2610 glossario
1078 2527 1269 2609 inscriptum
1302 2528 1367 2590 est:

222 2631 348 2715 ‘incipit
370 2631 404 2695 II
428 2635 620 2717 conscriptio
645 2633 778 2718 glosarui
798 2631 802 2714 Ι
823 2633 856 2695 in
884 2655 983 2697 unam
1011 2633 1127 2716 quibus
1151 2633 1250 2695 uerba
1273 2653 1367 2714 quoq.

222 2737 236 2800 l
258 2745 335 2804 noni
356 2737 360 2821 Ι
382 2739 446 2802 alia
469 2739 595 2803 mixtim
619 2740 633 2802 l
656 2740 759 2804 latina
781 2739 795 2802 l
819 2739 970 2803 saxoniae
991 2736 995 2824 Ι
1016 2736 1223 2820 inseruntur'‚
1251 2737 1305 2820 qui
1328 2737 1367 2800 ti-

222 2845 310 2908 tulus
334 2846 379 2908 sio
402 2845 436 2907 ni
458 2843 556 2908 fallor
578 2845 763 2910 scribendus
783 2849 844 2909 est:
869 2845 996 2929 ‘incipit
1015 2845 1155 2909 secunda
1173 2843 1367 2925 conscriptio

224 2951 389 3034 glosarum
404 2951 438 3013 in
452 2974 562 3034 unam,
581 2953 696 3036 quibus
715 2954 813 3017 verba
832 2975 957 3037 quoque
972 2953 1023 3016 vel
1041 2951 1218 3015 nominalis
1233 2951 1368 3032 mixtim,

223 3057 273 3122 vel
297 3058 400 3121 latina
417 3058 468 3121 vel
492 3059 656 3141 saxonica,
680 3057 884 3124 inseruntur’.
899 3078 901 3082 ·
916 3058 1026 3122 Prima
1045 3057 1156 3140 glossa
1175 3059 1225 3120 est
1243 3057 1264 3119 f.
1281 3056 1368 3119 illa

225 3162 406 3229 ‘abtetuost
439 3165 655 3250 impleatuos’,
687 3168 802 3231 ultima
833 3167 855 3231 f.
879 3167 963 3230 34Vc
996 3165 1139 3229 ‘zozumt
1168 3163 1199 3248 ‚g
1227 3162 1367 3228 animal'.

6 3347 7 3356 ¹
90 3335 93 3340 ,
224 3270 297 3336 Uno
325 3271 410 3335 inter
437 3271 458 3336 f.
481 3273 524 3336 33
549 3276 581 3337 et
603 3274 646 3337 34
673 3274 753 3339 folio
781 3275 885 3338 deleto
909 3273 934 3338 S
955 3273 1082 3337 litterae
1109 3271 1183 3336 finis
1211 3267 1369 3354 (extrema

226 3379 336 3462 glossa
358 3382 487 3442 servata
510 3383 560 3444 est
574 3380 604 3443 t.
628 3382 690 3445 33¹⁷
719 3387 880 3464 spartam:
905 3377 1001 3465 licea)
1026 3383 1058 3443 et
1084 3380 1114 3442 Τ
1133 3379 1259 3442 litterae
1282 3377 1368 3461 prin-

225 3485 343 3567 cipium
376 3483 497 3568 (prima
524 3487 633 3571 glossa
661 3491 711 3552 est
737 3489 842 3552 1134r
872 3493 1029 3570 tropeam:
1059 3487 1182 3568 spicam
1208 3480 1369 3568 uictoriae)

225 3591 464 3656 interciderunt.
496 3591 572 3658 Non
596 3594 695 3658 edidit
718 3594 876 3659 Oehlerus
899 3595 987 3659 2980
1010 3594 1076 3656 fere
1100 3593 1235 3676 glossas.
1267 3591 1368 3655 inter-

226 3703 427 3782 pretamenta
454 3702 705 3784 anglosaxonica
736 3702 826 3765 nulla
856 3702 888 3764 ni
923 3701 1019 3764 fallor
1047 3699 1233 3763 intermixta
1259 3697 1369 3760 habes.

227 3805 312 3870 Ordo
336 3806 519 3871 litterarum
543 3811 607 3871 est:
631 3829 684 3871 aa·
707 3809 756 3872 ab·
780 3830 828 3872 aa·
853 3809 907 3872 ad-
1421 3789 1430 3806 ’

316 3909 497 3976 Secundum
524 3914 586 3978 hoc
613 3913 820 3976 membranae
843 3911 1044 3976 Erfurtensis
1068 3910 1262 3995 glossarium
1286 3909 1368 3992 opti-

227 4122 298 4173 quae
316 4105 460 4174 praecedit
477 4106 586 4175 glossae
605 4106 732 4161 additum
756 4109 821 4174 ost);
849 4125 875 4174 p.
895 4111 956 4173 381,
971 4112 1018 4160 43:
1046 4103 1217 4172 topazios:
1242 4108 1272 4155 at
1295 4119 1369 4170 aqaa

226 4195 309 4248 enicat
328 4237 334 4249 .
350 4235 377 4250 ..
398 4195 554 4262 (topaac'oa).
597 4195 656 4261 Quo
685 4213 717 4250 ex
744 4211 858 4249 numero
882 4195 1006 4261 saratas,
1034 4193 1172 4262 topazios,
1199 4192 1371 4260 satarapdas,

226 4283 326 4350 iaspis,
346 4283 538 4352 ehrpscltttas,
557 4283 675 4353 beryllus
694 4284 722 4338 in
741 4282 829 4337 Exodi
849 4300 871 4336 c.
891 4282 1015 4348 XXVIII,
1033 4286 1065 4333 17
1076 4297 1135 4348 sqq.
1156 4303 1189 4324 =
1203 4279 1369 4346 xxxviiii,

229 4379 261 4426 10
272 4389 332 4440 sqq.
351 4372 613 4439 commemorantur,
632 4371 734 4440 reliqui
752 4389 808 4424 non
826 4370 902 4424 item.
1196 4381 1198 4387 ’

302 4460 320 4531 ¹)
341 4459 386 4516 sic
405 4461 491 4516 codex
509 4461 527 4515 f.
549 4465 605 4530 12¹,
625 4477 680 4516 non
697 4461 837 4532 spatulas,
856 4457 904 4528 qui
923 4459 966 4513 est
984 4455 1097 4513 Oehleri
1115 4472 1198 4514 error.
