3216 5126
675 287 916 351 -125-

315 443 350 529 3)
373 448 542 530 praeterea
570 447 673 509 multa
700 447 812 510 insunt
840 447 880 510 ad
909 468 1034 510 sacram
1062 446 1255 528 scripturam
1283 468 1371 530 spec-

226 552 346 635 tantia,

315 655 351 743 4)
374 659 504 742 glossae
527 681 602 722 rara
624 661 814 742 vetustaque
837 659 995 724 vocabula
1019 659 1215 725 exhibentes,
1288 729 1290 734 ,

226 765 333 848 Atque
370 763 449 829 haec
486 766 616 849 quidem
651 764 833 849 glossarum
871 765 992 847 species
1030 787 1126 848 quam
1163 766 1294 849 copiosa
1329 765 1372 828 sit

227 870 299 934 inde
327 892 393 934 non
422 869 552 935 difficile
583 870 729 955 colliges,
762 869 847 953 quod
880 869 987 933 fontes
1016 891 1125 933 earum
1154 873 1229 933 sunt
1256 868 1372 933 Isidori

227 974 398 1059 Originum
420 976 503 1038 liber
526 974 556 1038 X
579 976 840 1060 glossematicus,
865 974 1021 1063 ‘affatim’v
1037 976 1231 1060 glossarium
1254 974 1305 1059 (ut
1327 975 1372 1039 vi-

228 1081 321 1144 detur
339 1079 454 1168 certe),
478 1080 624 1146 ‘abavus'
649 1083 856 1166 glossarium,
879 1084 944 1146 talc
969 1083 1162 1166 glossarium
1181 1083 1274 1165 quale
1293 1080 1370 1145 Am-

227 1189 390 1271 plonianis
404 1188 509 1271 primo
520 1191 553 1251 et
563 1189 702 1253 secundo
718 1189 887 1252 materiam
902 1188 1164 1272 glossematicam
1179 1188 1339 1272 praebuit.
1347 1187 1372 1273 1)

228 1293 390 1369 Quoniam
405 1297 512 1358 autem
531 1293 583 1357 hic
599 1294 672 1358 fons
687 1316 764 1377 prae
779 1294 893 1357 ceteris
909 1296 1039 1373 eminet,
1058 1317 1131 1358 cum
1145 1294 1371 1380 Amplonianis

227 1399 289 1463 hoc
316 1381 512 1483 glossarium
536 1401 784 1482 composuimus.
825 1398 900 1464 Non
929 1423 1009 1482 opus
1038 1406 1088 1466 est
1115 1403 1337 1466 demonstrare
1346 1398 1371 1487 2)

226 1505 309 1570 hanc
324 1506 482 1570 rationem
499 1507 686 1589 grauissimi
704 1507 745 1570 ad
764 1506 964 1571 emendanda
979 1509 1136 1591 glossaria
1151 1507 1372 1591 Amploniana

227 1612 384 1675 momenti
407 1633 486 1676 esse.
532 1611 631 1677 Cuius
656 1612 787 1696 quidem
811 1613 857 1676 rei
890 1615 1037 1696 exempla
1064 1615 1150 1678 infra
1179 1637 1245 1678 non
1268 1636 1372 1698 pauca

226 1719 373 1800 reperies.
420 1717 656 1802 Dignissimum
689 1723 799 1782 autem
831 1719 893 1783 hoc
925 1719 1040 1805 ingens
1073 1743 1204 1804 corpus,
1237 1743 1276 1784 ex
1308 1743 1371 1804 quo

227 1824 396 1887 selectiora
410 1819 567 1888 'accurate
591 1825 797 1909 colligantur.
843 1825 961 1890 Insunt
984 1828 1069 1890 enim
1093 1827 1372 1910 praeclarissimae

227 1933 260 1992 et
282 1929 519 1994 uetustissimae
545 1930 709 1994 doctrinae
739 1931 925 2013 specimina.
971 1932 1078 1998 Unam
1107 1933 1206 1996 affero
1230 1935 1372 2016 glossam

227 2057 386 2119 nusquam
401 2035 479 2100 alibi
499 2059 583 2100 ame
601 2041 777 2119 repertam:
800 2039 965 2102 ducattas:
986 2039 1156 2121 bmtpaitas
1169 2041 1231 2104 siue
1245 2040 1372 2103 bonitas

301 2300 320 2368 ¹)
338 2299 399 2354 Hoc
417 2300 500 2354 modo
519 2303 625 2368 quanta
646 2302 801 2369 glossarum
820 2300 902 2368 copia
924 2301 1086 2355 confluxerit
1105 2319 1159 2355 uno
1180 2301 1306 2369 exemplo
1326 2301 1371 2354 de-

226 2389 396 2442 monstrabo.
423 2389 552 2456 Namque
567 2389 603 2442 ad
617 2389 700 2443 duell·
715 2389 828 2456 stirpem
844 2388 1014 2458 pertinentia
1028 2390 1097 2442 haec
1116 2391 1214 2443 habes:
1234 2391 1372 2443 duellum:

227 2479 343 2532 duorum
360 2478 500 2531 homiuum
519 2521 524 2530 .
542 2519 569 2530 ..
591 2478 732 2548 [truncata
755 2477 875 2548 glossa];
904 2479 1021 2532 duellica
1045 2483 1194 2547 tyrannus,
1218 2478 1371 2543 rebellator;

227 2567 381 2620 daelltbasr
401 2566 579 2632 adversatam
599 2567 736 2620 ducllum:
756 2567 874 2619 duorum
891 2566 1030 2619 hominum
1049 2566 1159 2632 bellam3
1179 2567 1298 2620 duellio:
1319 2567 1371 2620 bel-

226 2655 284 2708 lam
302 2654 416 2722 duplas,
434 2653 554 2719 rebellia,
575 2659 716 2722 papaator
733 2655 774 2707 cel
793 2655 975 2722 belllpcrat0r3
1004 2655 1125 2708 duellios
1145 2655 1254 2722 bellam,
1277 2671 1373 2722 pupae

226 2745 258 2796 ia
281 2743 379 2798 hostem
403 2743 551 2810 drqua'ccra:
578 2742 651 2811 qaod
673 2743 704 2794 ia
727 2743 795 2795 duos
819 2743 925 2810 opiter,
955 2744 1040 2796 duelli
1063 2757 1131 2796 raca
1156 2743 1230 2809 bellu
1263 2744 1371 2797 duello:

225 2849 334 2901 pupas,
358 2832 433 2885 bello.
470 2831 685 2886 Emendavimus
709 2830 812 2884 codicis
837 2832 1016 2900 corruptelas.
1055 2831 1182 2886 Ceterum
1208 2849 1271 2884 cum
1295 2834 1373 2885 etot

226 2919 350 2975 fontibus
369 2920 496 2974 derivata
516 2919 553 2972 sit
570 2919 621 2972 illa
643 2919 788 2987 colluvies,
812 2920 924 2973 easdem
947 2922 1054 2989 glossas
1077 2920 1237 2988 saepissima
1260 2920 1303 2974 bis
1326 2923 1372 2975 vel

227 3009 296 3063 adeo
314 3012 358 3063 ter
375 3007 509 3078 repetitas
528 3009 636 3061 exstare
655 3009 871 3062 consentaneum
891 3011 940 3062 est.
1444 3073 1448 3088 .

236 3121 239 3127 ·
299 3097 320 3166 2)
338 3097 377 3150 Ut
394 3113 453 3151 rem
471 3096 513 3150 ita
531 3113 560 3150 se
579 3097 682 3150 habere
703 3096 831 3163 doceam,
850 3096 1031 3164 paucissimas
1046 3114 1079 3150 ex
1091 3097 1283 3166 Amplonianis
1296 3098 1369 3166 glos-

226 3200 269 3239 sas
289 3185 406 3254 eligam,
426 3203 495 3254 quas
515 3185 542 3238 in
561 3184 698 3238 Vossiano
717 3184 785 3238 item
804 3185 926 3254 repperi,
946 3187 1014 3240 alibi
1032 3201 1177 3254 nusquam.

357 3292 416 3345 cod.
435 3292 650 3361 Amplonianus:
965 3291 1025 3345 cod.
1044 3291 1208 3346 Vossianus:

226 3399 253 3449 p.
269 3385 384 3449 asam:
422 3380 517 3434 cittist
536 3379 628 3434 tenuis
645 3379 728 3447 pallis
743 3379 783 3432 in·
812 3380 895 3434 citist
914 3380 1005 3433 tenuis
1025 3379 1106 3449 pellis
1124 3381 1178 3432 iter
1195 3397 1299 3448 grauae

447 3471 491 3523 ter
509 3485 597 3538 grana
1023 3535 1027 3546 .

226 3576 253 3626 p.
268 3563 402 3626 288,142:
422 3556 611 3610 cluamcntiar
632 3556 754 3610 stultitia
812 3556 964 3610 cliuentia:
984 3557 1105 3612 stultitia

226 3665 252 3714 p.
268 3653 401 3714 284,334:
421 3648 501 3699 cata:
521 3662 622 3699 nomen
640 3645 784 3713 proprium
813 3645 888 3698 citor
916 3662 1017 3700 nomen
1045 3647 1189 3717 proprium
1215 3646 1268 3699 uiri
1297 3647 1370 3717 [cita

448 3733 501 3787 uiri
848 3735 896 3787 sed
914 3733 987 3787 inter
1006 3735 1062 3804 ca]

226 3841 253 3891 p.
268 3829 402 3891 290‚300:
422 3821 784 3892 cretarstercusspurititia,
813 3825 908 3876 creata
933 3824 1037 3876 stercus
1060 3823 1208 3891 spurcicia,
1235 3824 1307 3877 unde
1326 3842 1372 3877 ex-

169 3908 172 3915 '
448 3911 520 3964 unde
551 3928 679 3964 execrare
707 3929 783 3980 spur·
848 3927 940 3964 creare
960 3911 1076 3964 dicimus
1095 3910 1245 3979 spurcicias
1265 3912 1352 3965 cicere

448 3999 515 4053 citia
534 4000 624 4054 iecere
849 4003 853 4010 '

226 4090 331 4142 Harum
349 4090 484 4143 lemmata
502 4089 603 4143 scribe:
623 4091 732 4154 ciccum,
752 4089 879 4155 amentia,
900 4089 975 4157 Octa,
994 4105 1063 4143 creo.
1091 4088 1239 4141 Extremae
1259 4088 1368 4156 glossae

220 4179 359 4256 'memoria
377 4177 513 4232 Vossiana
530 4177 614 4247 louge
633 4180 758 4245 praestat
777 4176 986 4244 Amplonianae.
