3178 5122
637 346 859 412 ...27-

170 509 296 572 exstare
337 526 432 590 aegre
473 506 604 573 ferebat.
612 507 638 594 ¹)
703 507 742 572 In
783 505 991 570 emendandis
1032 511 1065 571 et
1110 509 1320 574 illustrandis

171 613 291 699 glossis
319 635 391 677 cum
415 613 566 679 Turnebi'
582 613 736 699 Scaligeri
764 611 913 677 Salmasii
940 610 1123 700 Vulcaniii)
1151 615 1322 699 Rutgersii

173 719 338 785 Gebhardi
366 721 516 806 aliorum,
548 725 618 786 tum
647 721 712 786 suis
741 718 855 784 studiis
883 717 973 783 nisus
1009 741 1077 785 non
1108 723 1198 786 nulla
1229 722 1320 787 haud

172 828 258 892 male
271 829 435 893 tractavit.
462 828 569 912 Atque
588 829 623 892 in
637 849 674 892 eo
689 826 896 911 potissimum
911 825 979 890 eius
995 829 1146 891 notarum
1161 829 1321 911 quaedam

173 934 277 999 uirtus
300 934 407 1018 posita
430 939 492 1020 est,
520 936 605 1021 quod
632 935 729 999 medii
753 933 838 1018 quod
866 935 1000 998 vocatur
1027 934 1096 998 aevi
1124 934 1320 1018 scriptorum

174 1045 347 1125 eorumq'ue
365 1041 536 1106 latinitatis
556 1041 713 1127 singulari
732 1039 867 1105 scientia
885 1040 1061 1104 instructus
1081 1043 1160 1127 erat,
1182 1043 1214 1106 id
1235 1044 1321 1126 quod

175 1171 249 1214 cum
276 1170 314 1212 ex
341 1149 427 1212 notis
455 1148 496 1212 ad
520 1146 666 1213 ‘Isidori'
695 1149 820 1232 glossas
849 1145 976 1230 scriptis
1005 1151 1074 1212 tum
1098 1171 1136 1214 ex
1166 1152 1237 1214 toto
1267 1151 1322 1215 ad·

174 1254 389 1320 versariorum
420 1275 583 1319 sacrorum
611 1275 743 1339 corpore
771 1253 976 1337 perspicuum
1002 1255 1053 1319 fit:
1086 1258 1122 1320 ut
1149 1256 1322 1343 hodieque,

176 1363 231 1445 qui
259 1363 382 1428 mediae
411 1366 443 1427 et
470 1362 598 1427 infimae
626 1362 725 1427 aetati
752 1362 883 1446 linguae
911 1362 1031 1426 latinae
1060 1384 1191 1447 operam
1214 1369 1337 1450 navet,-

174 1490 243 1534 non
262 1469 331 1534 sine
349 1470 396 1535 rei
420 1470 613 1534 detrimento
637 1469 724 1533 hunc
746 1469 864 1534 librum
884 1470 1089 1554 neglecturus
1113 1468 1165 1534 sit.
1212 1471 1321 1537 Unum

175 1578 357 1660 exemplum
381 1577 528 1643 sufficiet.
564 1575 616 1642 Ad
639 1577 782 1661 glossam
804 1600 835 1660 p.
860 1577 933 1661 689,
958 1576 998 1640 31
1025 1575 1072 1639 ed.
1095 1574 1187 1642 Vulc.
1212 1576 1322 1660 ‘perure

175 1685 275 1768 dedra
290 1705 386 1766 pertas
398 1682 559 1749 aortarara’
578 1684 658 1748 haec
673 1683 808 1747 adnotat
826 1704 856 1765 p.
876 1682 978 1746 caca:
1003 1680 1192 1766 ‘prandeum
1207 1689 1277 1749 est.
1293 1735 1299 1749 .
1315 1737 1322 1749 .

176 1792 292 1872 lorum,
314 1789 425 1876 fascia,
448 1792 623 1878 cingulum.
663 1790 875 1875 Landulphus
890 1787 998 1875 Sagax
1021 1791 1055 1854 in
1077 1790 1257 1857 iustiniano
1282 1793 1321 1857 de

179 1897 353 1962 Auaribus:
376 1897 526 1963 habebant
546 1899 628 1962 errira
650 1903 817 1962 retrorsum
837 1917 939 1962 comas
955 1898 1099 1979 poteras
1121 1899 1209 1964 ratde
1231 1905 1322 1982 atqae

170 2004 348 2089 papissae
371 2008 489 2070 vinctas
506 2005 697 2087 prandeis.
743 2003 875 2068 Mutant
898 2027 924 2086 p
950 2005 1095 2069 litteram
1123 2004 1158 2068 in
1182 2005 1207 2070 b.
1253 2006 1323 2071 Mo-

74 2167 77 2176 .
177 2111 300 2175 nachus
325 2109 544 2198 sangallensis
573 2112 611 2175 de
635 2110 750 2176 Oarolo
773 2111 895 2198 Magno
924 2114 979 2177 lib.
1003 2112 1050 2176 II:
1088 2162 1095 2176 .
1120 2162 1126 2174 .
1150 2161 1157 2175 .
1181 2113 1322 2179 anadet-

178 2240 246 2284 raas
268 2221 341 2284 illas
356 2220 515 2302 pelliculas
532 2222 578 2286 ael
597 2221 747 2285 uariam
765 2220 951 2285 brandeas
973 2223 1127 2308 retrahere
1149 2221 1322 2302 coepissent.

179 2325 365 2411 sigebertus
388 2327 423 2391 in
446 2324 620 2392 Chronico:
647 2331 676 2391 et
697 2328 741 2392 sa
764 2325 964 2392 brandeum
987 2327 1111 2410 altaris,
1138 2347 1198 2408 qao
1220 2348 1323 2392 coasc-

178 2439 298 2498 cratara
320 2454 428 2516 caras
450 2434 582 2499 Daradrai
604 2435 801 2518 iaaolaeraat,
818 2435 1034 2516 particulatim
1056 2433 1232 2517 diuidebat',
1255 2435 1323 2518 qui-

178 2541 239 2604 bus
271 2540 350 2605 locis
379 2540 459 2605 adde
487 2561 568 2624 quae
595 2539 680 2603 idern
704 2538 829 2623 profert
858 2562 926 2623 cap.
950 2537 1067 2624 CXXI,
1091 2539 1134 2604 34
1161 2563 1190 2623 p.
1215 2541 1323 2606 239b:

179 2647 220 2711 ‘.
245 2695 283 2711 ..
312 2647 545 2713 Constantinus
575 2645 873 2730 Porphyrogenitus
905 2646 961 2710 lib.
997 2646 1035 2710 de
1067 2647 1323 2713 administrando

178 2745 314 2838 imperio
339 2777 407 2838 cap.
431 2755 465 2819 6:
500 2753 579 2818 κατὰ
602 2754 640 2816 τὸ
669 2751 788 2832 ἀνῆκον
811 2758 866 2832 τῆ(
895 2753 1042 2818 δουλεία(
1065 2755 1116 2818 καὶ
1139 2760 1197 2819 τοῦ
1221 2756 1323 2821 κόπου

181 2862 296 2940 αὐτῶν,
320 2861 391 2926 olor
416 2860 554 2940 βλαττία,
578 2859 758 2942 nodetur,
781 2861 921 2938 χαρέρια,
946 2861 1081 2939 εήμεντᾱ
1101 2860 1176 2925 ...’
1201 2864 1233 2924 et
1256 2884 1325 2946 cap.

181 2968 272 3052 XXI,
302 2968 343 3031 14
370 2992 401 3053 p.
432 2968 515 3032 l4b:
563 2966 652 3032 ³...
689 2965 884 3030 Hincmarus
917 2965 952 3029 in
984 2966 1052 3030 vita
1078 2965 1233 3051 Remigii:

181 3097 290 3158 capra
317 3125 324 3138 .
348 3125 386 3138 ..
423 3076 582 3140 brandeo
619 3075 712 3139 erebro
743 3074 927 3157 taoolatam3
973 3073 1159 3138 Floriardus
1196 3074 1280 3140 libro
1309 3077 1324 3140 Ι

179 3182 335 3247 historiae
358 3182 526 3248 Remensis
550 3204 618 3266 cap.
641 3183 699 3246 20:
802 3202 911 3264 corpas
933 3182 1066 3245 clasma
1093 3180 1185 3244 rubro
1208 3189 1327 3248 coastat

181 3291 341 3354 brandeo
364 3291 548 3374 incolatum
573 3312 642 3374 cap.
663 3290 718 3354 21:
741 3291 951 3372 iateprarrrqae
973 3288 1056 3352 illud
1072 3309 1141 3352 carr
1163 3290 1323 3355 brandeo
1425 3372 1429 3381 1

181 3420 240 3482 qao
256 3399 350 3480 prius
372 3403 524 3480 repertura
544 3397 650 3478 fuerat
674 3397 855 3479 inuolutam,
879 3446 886 3459 .
910 3445 917 3459 .
941 3445 948 3458 .
973 3396 1174 3478 transposuit3
1203 3395 1323 3481 Grego-

182 3507 250 3571 rius
273 3505 414 3590 Magnus
438 3505 493 3570 lib.
517 3506 537 3570 3
560 3503 683 3589 Regist.
707 3504 799 3587 epist.
823 3504 878 3566 30:
926 3551 933 3568 .
957 3552 964 3566 .
988 3552 995 3565 .
1018 3503 1053 3565 r'a
1077 3503 1191 3583 paride
1213 3503 1325 3567 braa-

257 3683 277 3752 ¹)
296 3683 325 3738 P.
346 3689 431 3736 31'la:
458 3681 533 3734 ‘...
553 3680 674 3734 isidorus
694 3696 757 3733 cum
776 3677 968 3733 sanctissimus
987 3675 1024 3730 sit
1046 3692 1095 3730 suo
1119 3677 1179 3733 iure
1198 3679 1274 3732 cadit
1297 3679 1327 3733 in

183 3774 253 3827 haec
268 3771 440 3838 adversaria3
460 3772 489 3824 et
507 3768 776 3840 glossariumistud,
795 3767 870 3836 quod
884 3766 982 3821 isidori
1000 3765 1111 3819 nomine
1126 3765 1327 3836 circumfertur,

184 3863 214 3918 in
236 3861 315 3914 libris
334 3859 393 3914 eius
415 3877 472 3914 non
495 3859 662 3924 invenitur’3
686 3877 713 3927 p.
734 3862 809 3912 325a
834 3857 910 3912 ‘...
936 3854 1075 3923 profunda
1094 3854 1212 3908 eruditio
1230 3855 1328 3909 Isidori

185 3951 238 4006 viri
256 3949 424 4004 sanctissimi
442 3949 471 4002 in
490 3965 522 4003 eo
543 3947 703 4018 [glossario]
728 3945 875 4012 elucescit,
900 3944 950 4012 qui
972 3960 1028 3998 non
1047 3943 1138 3998 solum
1159 3942 1254 3997 divina
1278 3945 1326 3998 sed

184 4040 308 4093 humana
326 4038 486 4092 litteratura
503 4037 629 4106 impense
643 4035 812 4106 praestitit';
831 4053 858 4103 p.
878 4039 954 4088 336a
974 4032 1096 4087 ‘videtur
1114 4032 1226 4099 patrum
1245 4049 1327 4087 voces

184 4128 214 4182 in
231 4129 304 4184 hanc
323 4127 480 4197 congeriem
499 4126 619 4181 voluisse
639 4125 758 4179 Isidorus
777 4124 936 4193 constipare
954 4121 1154 4189 insolentiores,
1173 4120 1232 4175 sive
1250 4122 1328 4176 novi-

184 4219 244 4272 tate
262 4216 320 4272 sive
338 4216 425 4271 etiam
443 4214 613 4284 antiquitate
632 4215 775 4269 detortas!

258 4306 278 4374 ²)
296 4305 427 4360 Vulcanii
442 4307 472 4360 et
489 4305 606 4359 aliorum
620 4307 749 4360 notarum
764 4304 839 4358 totas
858 4302 942 4356 series
957 4299 1121 4369 simpliciter
1139 4296 1327 4369 transcripsit:

185 4395 264 4450 velut
281 4412 351 4464 quae
370 4396 445 4464 apud
463 4394 630 4450 Vulcanium
649 4413 676 4470 p.
696 4401 729 4448 93
749 4411 790 4462 sq.
814 4394 936 4462 exstant,
960 4407 1006 4446 eas
1026 4406 1120 4446 omnes
1139 4388 1174 4443 de
1193 4389 1222 4446 la
1240 4388 1330 4448 Corda

185 4503 212 4560 p.
232 4489 284 4538 325
303 4501 343 4554 sq.
364 4500 428 4540 suas
446 4483 521 4546 fecit.
