3222 5122
745 279 982 372 4288*

223 449 225 456 ¹
294 461 387 547 facit3
408 467 574 548 pctrptom
595 488 671 532 vero
696 469 745 531 est
767 467 903 551 pallium
932 489 970 532 ex
999 489 1077 531 auro
1104 483 1310 549 purpuraque
1333 464 1451 530 varia'

294 569 385 634 tum’.
431 571 521 637 Haec
554 571 709 637 Attonem
741 573 874 638 finxisse
906 594 943 638 eo
976 573 1083 637 minus
1117 570 1323 656 crediderim,
1354 571 1439 656 quod

295 676 393 740 etiam
410 677 537 762 pat-agii
561 677 732 761 explicatio
753 678 926 744 admodum
945 679 1105 764 exquisita
1124 681 1182 743 est.
1214 677 1307 742 Unde
1331 681 1440 742 autem

242 777 248 790 '
294 782 441 847 hauserit
463 806 514 849 me
539 784 629 849 latet.
670 784 754 849 Vide
777 791 855 851 num
878 785 963 850 forte
986 806 1038 850 oce
1060 784 1304 850 crorbosverba
1328 784 1438 849 eloco

294 889 446 956 Plautino
477 889 619 956 eicienda
652 891 730 976 sint,
759 895 795 954 ut
822 897 959 976 potopos
991 890 1142 957 vocabuli
1174 889 1440 975 interpretamen-

294 1000 364 1061 tum
387 998 468 1062 tale:
492 999 555 1062 oris
577 997 707 1062 morbac.
741 994 892 1062 Ceterum
916 998 944 1062 si
959 997 1077 1062 Attoni
1099 997 1196 1060 fidem
1219 997 1438 1086 denegaveris,

294 1101 426 1167 Placido
451 1108 536 1168 certe
565 1104 674 1168 eredes
702 1127 768 1169 non
796 1104 891 1168 aliter
915 1105 1090 1189 explicanti
1112 1126 1143 1187 p.
1164 1103 1214 1184 75,
1230 1104 1264 1168 6:
1289 1105 1439 1188 parapt-

293 1226 394 1272 aem:
417 1229 486 1274 eum
502 1215 630 1292 propter
646 1212 797 1292 pituitam
820 1232 883 1276 coa
904 1210 997 1292 focile
1019 1211 1108 1276 labra
1130 1216 1257 1276 moveat.

358 1337 361 1342 ·
387 1315 435 1380 15.
459 1314 681 1380 Mostellariae
703 1315 1074 1403 111,2,140(825)sq.:
1113 1329 1116 1336 ’

455 1420 682 1506 Qudpropter?
716 1447 736 1488 :t
761 1423 844 1499 Quia
871 1423 985 1509 edepol
1013 1423 1109 1488 ambo
1138 1424 1179 1488 ab
1207 1421 1332 1490 insumo
1360 1427 1438 1488 tar·

612 1537 620 1550 '
1093 1532 1170 1595 me‘s
1195 1537 1293 1597 secat.
1327 1603 1332 1614 ,

452 1619 714 1730 intempestivos¹
727 1637 851 1703 excisos
876 1636 985 1702 oredo:
1010 1637 1042 1701 id
1066 1638 1112 1702 eis
1136 1638 1252 1702 vitirim
1275 1642 1371 1704 nocet

293 1738 450 1806 ‘Termes'
480 1743 642 1827 scriptura
666 1742 835 1828 Scaligero
863 1744 1009 1827 debetur,
1038 1766 1110 1808 eum
1137 1744 1214 1808 libri
1237 1742 1364 1809 BaOD
1389 1767 1440 1808 ex-

293 1847 430 1912 hibeant
452 1850 548 1912 tram
569 1854 657 1914 secat.
703 1847 914 1934 Corruptelae
942 1850 1047 1916 lenior
1075 1852 1174 1916 etiam
1196 1852 1231 1914 ni
1253 1851 1352 1916 fallor
1374 1874 1439 1915 me-

293 1953 366 2018 dela
397 1957 528 2037 praesto
562 1956 612 2019 est
641 1957 736 2019 tremi
764 1958 845 2021 seedt
868 1986 910 2008 =
934 1958 1030 2021 tremi
1060 1964 1175 2042 secam,
1207 1958 1258 2023 vel
1286 1959 1315 2022 si
1345 1957 1438 2038 μετά-

293 2067 377 2126 θεειν
399 2083 417 2124 r
439 2062 569 2126 litterae
597 2062 846 2147 improbaveris,
878 2064 973 2128 terrai
999 2069 1108 2128 secent.
1153 2064 1328 2129 Exstitisse
1352 2065 1439 2128 enim

291 2171 420 2250 praeter
442 2174 555 2234 tarmes
578 2169 677 2233 etiam
709 2175 828 2234 termas
856 2170 994 2234 formam
1022 2170 1133 2255 glossa
1161 2176 1300 2236 tarmus:
1328 2173 1439 2236 vermis

291 2275 326 2338 ta
358 2297 450 2339 corae
481 2275 595 2360 (gloss.
624 2276 742 2341 Isidori
772 2298 804 2360 p.
828 2276 907 2360 696,
926 2276 983 2340 54:
1006 2283 1139 2359 termam
1177 2277 1245 2341 cod.
1272 2277 1438 2341 Leidensis

292 2381 368 2445 67Ε
392 2381 415 2444 f.
439 2382 540 2467 bbva)
565 2382 700 2470 docet¹).
747 2383 869 2458 Quodsi
893 2384 935 2448 ob
959 2384 1285 2472 interpretamentum
1308 2383 1438 2448 ‘vermis

291 2488 326 2552 in
353 2488 481 2558 carne'
505 2489 718 2572 dubitaveriS,
748 2489 834 2553 idem
862 2492 975 2554 contra
998 2488 1156 2575 Scaligeri
1180 2491 1438 2556 emendationem

293 2596 498 2661 obiciendum
532 2597 608 2661 erit:
640 2619 716 2662 nam
740 2596 903 2661 tarmitem
934 2597 1139 2682 grammatici
1173 2599 1265 2663 aiunt
1296 2619 1438 2661 vermem

293 2704 399 2767 carnis
418 2726 503 2789 esse,
521 2704 685 2768 termitem
700 2704 790 2789 ligni.
824 2701 873 2767 Of.
887 2702 1025 2768 Paulum
1038 2702 1129 2767 Festi
1142 2727 1173 2787 p.
1188 2704 1262 2789 358,
1272 2704 1307 2768 5:
1327 2710 1439 2768 turcas

292 2810 451 2874 oermiadi
474 2830 572 2892 peaes
598 2789 744 2876 cornera
771 2812 903 2876 exedens.
949 2808 1081 2874 Praeter
1108 2809 1214 2875 Plauti
1244 2811 1366 2896 locum,
1399 2810 1438 2874 de

292 2939 356 3001 quo
382 2917 520 3002 agimus,
545 2923 657 2982 tarmes
676 2947 717 2968 =
737 2915 868 2980 ‘vermis
892 2912 1009 3000 ligni’
1034 2916 1134 2981 etiam
1154 2917 1237 3002 apud
1251 2917 1438 2983 Vitruvium

292 3023 367 3106 11,9
388 3021 432 3112 (p.
450 3024 535 3108 56‚7
561 3025 608 3088 ed.
627 3024 713 3089 Rose
738 3027 771 3088 et
788 3019 1133 3108 Mueller-Struebing)
1157 3026 1284 3089 exstare
1307 3025 1438 3090 dicitur:

190 3208 193 3214 Ι
293 3129 361 3195 ‘sed
380 3153 428 3195 «ea
457 3131 574 3212 [abies]
605 3132 690 3216 quod
717 3131 818 3196 habet
844 3131 880 3194 in
907 3151 941 3194 se
968 3129 1043 3212 plus
1072 3131 1202 3215 caloris,
1233 3135 1382 3216 procreat
1405 3136 1438 3195 et

293 3237 353 3301 alit
384 3237 581 3302 termitem
613 3237 655 3301 ab
688 3258 788 3322 eaque
820 3236 956 3300 vitiatur
990 3235 1042 3316 [cf.
1066 3234 1189 3302 Plauti:
1228 3229 1345 3303 ideis
1381 3239 1437 3303 vi-

292 3345 388 3408 tium
411 3343 542 3425 nocetl'.
583 3343 629 3409 At
657 3345 703 3409 ibi
731 3345 802 3428 ipso
825 3333 977 3408 Vitruvio
1004 3344 1186 3427 p.58,16:
1214 3343 1282 3428 ‘qui
1304 3347 1438 3428 propter

293 3451 506 3517 acritudinem
520 3473 585 3516 non
603 3452 728 3536 patitur
746 3455 916 3536 penetrare
931 3450 1072 3514 cariem
1089 3471 1193 3533 neque
1208 3471 1262 3514 eas
1281 3450 1437 3515 bestiolas

294 3579 376 3641 quse
405 3561 480 3623 sunt
508 3557 673 3623 nocentes'
702 3562 736 3623 et
762 3557 941 3641 codicibus,
974 3557 1029 3641 qui
1058 3581 1118 3641 pro
1146 3558 1300 3622 termitem
1326 3556 1436 3640 potius
1500 3599 1504 3606 -

288 3665 380 3746 porte
397 3665 448 3730 vel
465 3670 590 3747 portem
609 3665 774 3749 exhibent,
797 3664 933 3729 ducibus
954 3663 1074 3728 dudum
1092 3665 1207 3728 caraem
1230 3664 1437 3747 scripserunt.

294 3769 386 3846 Quod
408 3792 480 3835 oum
503 3771 551 3836 ita
580 3772 624 3836 sit
645 3771 828 3855 putaverim
852 3769 1082 3856 grammaticos
1106 3770 1197 3836 illam
1221 3770 1437 3835 differentiam

292 3881 400 3941 termes
434 3881 467 3941 et
501 3883 621 3942 tarmus
658 3877 816 3943 vermium
855 3877 893 3941 de
931 3899 989 3942 suo
1027 3877 1244 3962 excogitasse,
1283 3877 1334 3942 vel
1374 3877 1436 3940 sal·

292 3988 359 4048 tem
397 4007 468 4049 eam
505 3985 614 4048 Plauti
656 3987 762 4049 aetate
799 3985 942 4049 nondum
979 3984 1151 4049 exstitisse.
1205 3982 1355 4049 Ceterum
1396 3982 1437 4046 ad

293 4093 489 4157 enarrandos
508 4091 728 4157 Mostellariae
747 4114 859 4157 versus
878 4090 1051 4157 Lorentius
1071 4092 1189 4156 multos
1213 4091 1325 4156 attulit
1347 4092 1437 4156 locos

332 4389 338 4402 ,
367 4337 387 4408 ¹)
406 4339 505 4409 Neque
523 4339 593 4395 haee
612 4339 685 4417 sola,
708 4357 804 4397 verum
824 4338 909 4396 etiam
927 4337 1050 4396 Isidorus
1068 4339 1143 4409 Orig.
1163 4337 1223 4407 XII,
1238 4345 1261 4408 5,
1275 4345 1321 4394 15:
1351 4340 1435 4393 ‘tur¹

293 4429 483 4502 murrensis
501 4430 545 4482 est
561 4427 656 4484 lerdi'.
1109 4447 1112 4456 ¹
