3216 5126
696 339 935 403 -133—

246 496 579 565 p.343,1as:lnpuges=
610 498 658 564 qui
685 496 804 552 minores
831 515 857 566 p.
872 502 988 564 394,42:
1008 498 1134 560 ἅπυγοεε
1153 494 1271 564 inpuges

472 583 579 638 natioas
597 585 683 640 habet
1082 583 1084 586 ’

244 691 271 741 p.
284 678 352 726 lta:
440 671 642 728 Cultellariusz
675 674 801 728 611116116-
829 693 856 743 p.
872 679 932 741 534,
941 679 987 726 41:
1007 674 1224 739 paxarpouortcz
1262 671 1388 726 cultella-

471 780 532 815 rum
550 762 643 831 opifex
1040 760 1098 814 rius

243 866 270 917 p.
283 849 352 904 15b:
438 850 652 920 Deoperosusr
672 851 801 933 (1666111-
829 868 855 919 p.
871 855 969 918 490‚3:
1006 850 1174 916 θεοετυγὴει
1194 849 1246 903 deo
1265 865 1379 917 perosus

468 938 533 993 bilis

243 1063 317 1130 Non
349 1088 524 1150 numquam
557 1068 704 1151 integrae
737 1069 835 1132 series
863 1067 897 1130 in
925 1065 1062 1154 ‘Cyrilli'
1095 1065 1214 1148 glossis
1247 1067 1387 1128 exstant:

243 1172 331 1234 velut
354 1195 464 1236 omnes
491 1172 553 1236 hae
582 1175 737 1238 decessus:
761 1175 873 1257 616166,
900 1193 983 1236 mors
1018 1173 1206 1266 dediticius:
1231 1172 1373 1235 tormant‘

242 1296 377 1360 redditas
421 1297 565 1362 decissio:
584 1299 694 1362 incisio
707 1319 812 1362 666666
856 1298 1038 1362 delassatio:
1054 1277 1188 1386 1166666.
1212 1295 1274 1362 Sed
1289 1297 1387 1360 etiam
1409 1313 1412 1320 ’

242 1422 313 1464 6661
336 1400 503 1466 Philoxeni
531 1406 564 1466 et
594 1405 640 1468 eis
673 1405 806 1488 glossis,
839 1424 919 1486 quae
949 1388 1034 1485 ipud
1061 1402 1249 1466 labbaeum
1272 1407 1388 1466 611616

241 1506 475 1592 insigniuntur,
498 1531 685 1574 communes
708 1510 807 1574 habet
825 1510 945 1574 multas
968 1508 1031 1573 hoe
1055 1510 1257 1592 glossarium.
1289 1509 1388 1574 Velut

154 1631 156 1636 ’
241 1636 393 1699 compara
406 1615 532 1698 glossas
547 1638 578 1698 p.
592 1616 667 1700 292,
682 1617 723 1681 91
743 1617 891 1681 cibiridat
910 1621 1025 1680 6161666
1043 1617 1198 1680 comedens
1217 1617 1278 1696 [sio
1291 1616 1387 1700 frgm.

239 1719 387 1806 Deyolxs„
406 1724 528 1786 comeda
546 1722 614 1786 eod.
629 1723 751 1806 Ampr]
773 1745 845 1786 oum
861 1721 1065 1786 ‘Philoxeno’
1082 1745 1111 1805 p.
1127 1723 1179 1806 39,
1194 1723 1213 1786 6
1233 1723 1386 1786 ainiaidat

240 1828 456 1909 εκατοφάγοε,
483 1851 514 1911 p.
537 1827 615 1912 342,
630 1830 673 1894 30
696 1829 954 1910 inquinabntnrn:
975 1829 1105 1910 pallatio
1134 1832 1166 1891 et
1195 1852 1224 1913 p.
1249 1829 1327 1912 343,
1342 1828 1386 1892 92

238 1935 426 2015 infanditor:
448 1937 542 2000 anias
564 1957 676 2001 raasaa
697 1925 766 2001 anni
789 1937 851 2000 atio
874 1956 990 2016 conpar
1011 1957 1082 1998 eum
1102 1934 1247 2002 Labbaei
1265 1956 1281 1998 e
1300 1935 1385 2017 glos-

182 2095 189 2106 .
239 2040 297 2104 sis:
315 2064 346 2123 p.
361 2041 430 2106 966
447 2043 705 2122 inquinabntarn:
722 2043 877 2130 μόλυμμα,
896 2065 926 2125 p.
941 2041 1010 2106 921)
1030 2043 1216 2122 infanditor:
1232 2042 1383 2106 (ύνδικοε.

328 2145 390 2212 Sed
432 2148 562 2234 longius
605 2151 703 2213 etiam
739 2137 974 2233 progredimur.
1031 2147 1256 2214 Demonstrari
1298 2149 1384 2212 enim

239 2257 349 2336 potest
372 2255 475 2318 multa
497 2255 682 2337 glossarioli
703 2257 996 2340 interpretamenta
1013 2278 1029 2319 6
1049 2277 1165 2341 graeco
1189 2255 1223 2319 in
1246 2255 1384 2320 latinum
1452 2333 1454 2336 y

239 2382 419 2424 sermonem
449 2364 609 2427 translata
644 2386 730 2449 6666,
762 2369 800 2429 ut
833 2387 850 2428 e
883 2365 1000 2450 glossis
1034 2363 1263 2445 latinograeeis
1296 2386 1383 2427 111616

238 2467 359 2550 latinae
387 2469 491 2533 factae
520 2471 594 2534 sint.
640 2470 677 2534 Id
706 2472 791 2556 quod
819 2494 854 2535 re
882 2493 958 2534 vera
986 2471 1033 2535 ita
1061 2491 1130 2533 esse
1158 2469 1383 2534 demonstrant

157 2583 173 2590 ‘
238 2575 354 2638 menda
381 2575 432 2638 vel
461 2579 581 2658 errata,
610 2599 692 2661 quae
719 2578 783 2642 nisi
811 2599 962 2662 graecum
992 2577 1092 2640 fuisse
1122 2576 1304 2659 exemplum
1332 2601 1381 2640 su-

239 2681 356 2744 mimus
380 2681 533 2764 explioari
552 2687 723 2766 nequeunt.
757 2682 856 2746 Velut
873 2707 903 2766 p.
919 2683 1025 2766 279,4
1044 2681 1160 2745 miram
1179 2682 1279 2746 habes
1300 2684 1382 2767 hane

238 2787 382 2872 glossam
390 2786 428 2872 ¹):
452 2789 680 2872 babylonicam:
702 2791 768 2854 sino
786 2791 984 2871 aspiratione.
1017 2788 1168 2852 Peccavit
1187 2788 1302 2852 misere
1326 2791 1381 2873 qui

236 2894 412 2958 transferre
439 2895 571 2959 volebat
598 2896 829 2977 babylonicam:
859 2899 954 2978 ψιλή,
991 2897 1068 2974 ψιλή
1102 2895 1188 2959 onim
1220 2895 1281 2959 1166
1309 2897 1380 2960 1666

236 3020 339 3084 genus
353 3001 535 3085 tegumenti
550 3006 613 3086 661,
630 3024 696 3066 non
711 3003 997 3086 grammaticorum
1013 3001 1179 3066 terminus.
1204 3001 1239 3064 P.
1253 3003 1327 3084 279,
1337 3003 1380 3066 45

236 3129 316 3191 quae
344 3112 452 3172 exstat
479 3110 590 3193 glossa
616 3109 712 3174 blana
740 3110 814 3190 [hoo
838 3113 887 3173 est
912 3109 1024 3190 βλάξ];
1053 3109 1136 3172 bene·
1151 3097 1289 3172 moratas
1315 3132 1381 3172 11611

235 3215 340 3280 11116116
364 3215 538 3300 singularis
562 3221 624 3281 est:
648 3218 779 3282 11115666
801 3222 939 3281 moratas
957 3216 1091 3280 debetur
1105 3217 1189 3280 male
1212 3215 1378 3280 intellecto

234 3341 349 3404 graeco
378 3323 535 3387 vocabulo
564 3324 686 3402 εὐήθης.
735 3322 781 3388 Of.
805 3323 1019 3388 Philoxenum
1046 3347 1077 3406 p.
1101 3323 1157 3405 30,
1177 3321 1233 3386 52:
1265 3322 1378 3385 blana:

234 3428 356 3506 εὐήθης.
390 3426 425 3491 Ρ.
443 3428 518 3510 291,
537 3429 580 3491 62
604 3429 776 3509 oadaaifer:
801 3431 1044 3512 praedicationis
1067 3434 1221 3510 portator:
1244 3451 1378 3511 prorsus

192 3593 196 3600 .
234 3556 352 3598 novum
376 3534 715 3618 interpretamentum!
748 3536 898 3600 illustrat
925 3535 1067 3601 hominis
1092 3535 1212 3618 stupidi
1236 3556 1378 3600 errorem

234 3641 349 3726 Cyrilli
374 3667 404 3727 p.
423 3643 498 3726 515,
518 3643 558 3707 15
582 3624 692 3728 glossa
715 3643 968 3722 xnpunopopocz
1000 3643 1162 3724 oadaafea
1191 3640 1246 3704 ubi
1275 3642 1376 3719 κηρύ-

233 3751 372 3815 κιονίὸ
393 3751 596 3829 βαιτάζουειν
615 3751 646 3814 οἱ
666 3752 809 3830 πρέεβειε
830 3747 919 3834 (Cyr.
936 3773 966 3832 p.
984 3747 1058 3831 515,
1074 3747 1127 3832 13)
1148 3753 1181 3812 61
1200 3751 1390 3826 κήρυγματ-

232 3855 304 3920 aaa
325 3857 520 3938 praedicario
544 3856 678 3938 (ibidem
706 3879 736 3939 p.
762 3857 835 3936 515,
858 3858 912 3938 12)
935 3855 1141 3938 permutavit.
1183 3854 1217 3917 P.
1240 3855 1314 3936 291,
1334 3856 1374 3917 21

231 3961 332 4026 habes
355 3963 533 4027 catilinam:
558 3963 678 4026 aatrrtas
700 3953 838 4030 diminui
864 3960 1059 4046 (6166661666
1081 3962 1175 4046 frgm.
1199 3959 1376 4044 Deyoksii).

232 4067 350 4134 Parum
372 4069 480 4152 placet
502 4066 674 4132 aatntinarn
697 4069 944 4134 deminutivum:
971 4091 1074 4158 neque
1103 4067 1236 4131 exstitit.
1280 4065 1375 4148 Apud

233 4172 390 4259 Cyrillum
417 4199 447 4258 p.
472 4175 612 4260 610,16
641 4176 845 4240 (κυλάκειοντ
874 4177 1045 4240 6616116661
1077 4173 1157 4239 illud
1191 4171 1375 4237 (κυλάκειον

231 4305 296 4347 non
324 4283 448 4346 catellas
476 4284 538 4364 est,
571 4280 626 4344 sed
649 4284 692 4345 ad
717 4281 853 4346 aatnlarn
875 4283 1047 4364 partitione,
1075 4281 1254 4345 aatntinarn.
1304 4280 1374 4348 lam

306 4458 325 4530 ¹)
346 4457 387 4516 cf.
406 4455 553 4515 Ritsohelii
572 4457 634 4512 Act.
654 4474 708 4511 soa.
727 4457 825 4529 philol.
845 4455 920 4531 Lips.
940 4458 960 4512 t.
975 4457 1013 4511 lV
1032 4475 1059 4530 p.
1075 4461 1123 4511 341
1137 4474 1177 4529 sq.
