3232 5122
681 329 921 395 -238-

231 486 383 550 taminati
407 489 482 550 sunt
502 487 715 569 complurium
736 488 919 576 glossarum
939 489 1075 554 ordines
1111 487 1284 554 Praeterea
1302 511 1375 553 cum

231 593 395 658 liberrime
414 596 553 680 mutare,
572 594 712 677 pessime
732 595 931 681 intellegere,
949 597 1149 680 corruptelas
1168 617 1239 660 eum
1259 617 1376 679 propa·

232 719 311 782 gare
332 703 404 763 tum
423 719 542 784 augere
561 699 679 784 Papias
699 702 815 787 soleat,
840 703 974 788 exiguus
998 704 1067 768 eius
1091 702 1274 788 glossarum
1298 725 1375 767 usus

232 810 289 871 est.
322 806 429 882 Quare
448 829 522 872 raro
542 808 635 872 illum
655 807 866 893 adscivimus,
888 810 935 874 ibi
953 810 1094 874 maxime
1112 810 1177 874 ubi·
1186 809 1376 874 lacunosum

232 917 281 978 est
298 911 483 979 Salomonis
503 915 712 998 glossarium,
736 919 833 1001 atque
852 917 955 982 rarius
976 916 1127 982 etiamid
1150 915 1270 981 facturi
1295 938 1377 980 esse·

231 1043 313 1104 mus,
327 1021 355 1085 si
369 1021 464 1105 plura
478 1044 516 1110 en
530 1022 601 1106 ipso
616 1023 700 1088 libro
716 1024 900 1108 glossarum
915 1027 1066 1107 excerpta
1082 1026 1213 1107 praesto
1229 1023 1375 1088 luissent.

232 1126 383 1193 Ceterum
413 1150 479 1192 non
503 1127 577 1191 sine
609 1128 718 1213 aliqua
748 1130 966 1194 ostentatione
989 1128 1108 1213 Papias
1140 1149 1256 1214 graeca
1282 1151 1376 1194 voea-

231 1236 310 1302 bula
332 1235 593 1319 frequentissime
617 1235 755 1320 confert,
786 1257 849 1320 qua
876 1237 910 1300 in
933 1259 967 1300 re
989 1241 1145 1320 persaepe
1169 1258 1235 1300 non
1258 1235 1376 1300 medio-

232 1344 329 1408 criter
361 1338 521 1426 erravitl).
568 1341 674 1417 Quid?
712 1341 797 1426 quod
826 1343 925 1406 etiam
953 1363 1087 1426 graecos
1116 1364 1226 1408 versus
1255 1342 1375 1432 excitat
1449 1383 1452 1388 .

231 1445 399 1534 Hesiodi2)
432 1452 466 1512 et
492 1445 701 1535 Theocritiss).
745 1449 851 1513 Tanta
884 1449 952 1512 eius
984 1449 1131 1513 doctrina
1167 1471 1232 1514 non
1267 1449 1376 1533 potuit

231 1578 297 1621 non
329 1555 495 1639 imponere
527 1555 716 1639 posterioris
749 1555 820 1619 aevi
851 1553 930 1618 viris
962 1553 1098 1620 ‘doctis'.
1143 1553 1263 1638 Papiae
1297 1577 1377 1638 opus

232 1683 290 1745 per
314 1683 424 1726 omnes
447 1666 551 1727 terras
576 1662 819 1726 celeberrimum
847 1661 1075 1726 humaniorum
1103 1661 1287 1726 litterarum
1311 1665 1376 1726 stu-

231 1769 293 1833 diis
312 1769 441 1854 egregie
464 1766 695 1855 inserviebat4)
719 1773 752 1833 et
771 1767 934 1852 omnibus,
958 1767 1151 1852 quicumque
1169 1768 1378 1833 vocabularia
1401 1795 1409 1808 ·

236 1948 447 1961 *...-.....

305 2051 326 2120 ¹)
352 2051 438 2105 Velut
463 2051 497 2107 cf.
521 2051 641 2121 glossas:
670 2053 794 2108 eocntrio
821 2052 998 2107 tabernarias
1020 2057 1058 2107 est
1080 2067 1207 2120 praecum
1233 2053 1262 2106 et
1289 2055 1376 2120 eqetor

232 2140 368 2195 ΗΓΗΤωΡ
391 2157 486 2210 praece
508 2142 630 2196 hortator·
649 2147 673 2196 et
691 2143 750 2198 dua
774 2143 880 2210 (verum
899 2142 954 2196 est:
981 2146 1124 2211 occentent
1143 2142 1279 2208 hortator,
1297 2142 1376 2196 navis

219 2229 374 2298 nimirum,
394 2229 442 2297 qui
461 2246 560 2300 graece
580 2233 622 2285 est
640 2233 656 2284 d
675 2233 838 2300 κελευετὴε).

303 2317 323 2386 2)
342 2319 423 2372 Alter
440 2319 518 2374 locus
537 2321 591 2387 est:
622 2318 747 2373 ‘Charite
767 2311 896 2374 dicuntur
915 2335 1014 2388 graece
1032 2320 1089 2372 tres
1107 2316 1190 2372 unius
1208 2317 1326 2374 nominis
1345 2320 1377 2372 ut
1402 2341 1405 2351 ’

186 2449 189 2455 .
230 2407 281 2460 alii
292 2408 407 2476 putant.
428 2409 596 2463 eredendum
614 2411 710 2462 tamen
729 2409 819 2478 magis
834 2411 876 2463 ert
894 2409 1008 2463 hesiodo
1027 2408 1076 2477 qui
1093 2408 1158 2462 illas
1176 2407 1206 2460 in
1224 2406 1376 2478 theogonia

232 2495 269 2565 [v.
290 2497 442 2567 aot—911]
462 2496 589 2551 nominat
606 2496 635 2550 in
654 2499 723 2550 haec
741 2498 840 2551 uerba:
859 2514 918 2564 τριε
937 2499 967 2550 δε
988 2538 1037 2550 ...
1059 2496 1265 2563 δακρυουνται’.
1293 2495 1377 2566 Legit

230 2587 324 2639 autem
344 2587 473 2653 Ἀγλαΐην
494 2588 538 2638 καί
561 2586 626 2653 (non
646 2603 678 2639 τε
699 2588 755 2655 καὶ)
775 2605 801 2641 ν.
821 2593 872 2641 909
896 2588 925 2640 et
944 2586 1044 2652 εἴβεται
1064 2587 1130 2654 (non
1151 2585 1376 2653 separavero.

229 2672 336 2744 Pergit:
360 2675 471 2729 ‘Latine
491 2673 529 2729 sic
547 2675 621 2729 uerti
638 2674 693 2744 ipsi
711 2677 954 2745 uersus'possunt:

426 2763 543 2831 Trisque
561 2762 622 2836 Ioui
642 2761 770 2818 Charitas
789 2765 944 2833 praestanti
963 2770 1076 2834 corpore
1095 2765 1163 2818 nata

426 2851 537 2906 Oceano
556 2851 623 2906 tulit
640 2851 807 2920 Eurynome.
846 2853 875 2907 Si
894 2853 1008 2909 nomina
1026 2850 1147 2923 quaetis,

368 2995 370 2997 .
424 2941 524 3010 Aglaie
542 2941 645 3010 prima,
664 2941 852 3011 Euphrosyne·
866 2942 1021 3012 Thaliaque
1040 2929 1201 3011 sequuntur.

424 3030 466 3082 Ex
484 3030 571 3084 oculis
589 3030 738 3099 pulchrum
757 3030 908 3101 aspiciunt,
927 3031 1063 3086 intentius
1082 3033 1181 3086 harum

424 3117 539 3188 Syderei
559 3117 705 3189 [sydereis]
725 3119 827 3173 irrorat
845 3136 922 3173 amor
940 3120 1062 3174 lasciuus
1081 3119 1199 3174 ocellis’.

229 3208 348 3278 Egregie
362 3207 459 3263 vertit!
481 3208 688 3276 Καλλιπαρῄουε
708 3208 875 3277 ‘praestanti
889 3208 1014 3278 eorpore’
1031 3225 1091 3263 esse
1104 3209 1178 3276 vult;
1196 3210 1375 3276 πολυήρατον

229 3299 302 3351 elbo(
329 3299 427 3364 ἔχουςα
456 3295 778 3365 omisit'substituitque
807 3297 847 3351 ‘si
875 3297 988 3351 nomina
1011 3296 1153 3366 quaeris';
1181 3295 1285 3350 miselli
1311 3299 1376 3351 sunt

229 3386 315 3440 etiam
343 3386 459 3440 extremi
487 3385 542 3440 duo
570 3403 678 3453 versus,
707 3385 757 3442 ubi
782 3387 915 3441 intentius
941 3386 1013 3440 illud
1035 3386 1107 3440 unde
1135 3385 1250 3440 tandem
1279 3389 1375 3440 natum

121 3479 132 3499 '
230 3476 267 3530 sit
280 3492 337 3529 non
352 3490 490 3542 assequor.
519 3474 599 3528 Alter
616 3475 693 3530 locus
712 3472 822 3529 brevior
836 3474 881 3528 hio
896 3475 950 3529 est:
971 3475 1108 3545 ‘Hymnos
1123 3493 1234 3530 carmen
1248 3475 1277 3528 in
1291 3476 1374 3530 laude

228 3563 286 3632 dei,
310 3581 389 3629 ομνια
408 3563 511 3633 hymno
531 3565 575 3618 est
592 3563 690 3629 laudo;
709 3563 783 3616 unde
807 3562 938 3617 hesiodus
958 3563 1061 3618 librum
1080 3563 1124 3618 cni
1143 3579 1211 3631 εργα
1230 3579 1374 3631 καιημεραι

169 3722 170 3725 ¹
229 3652 272 3706 ita
290 3653 394 3722 coepit:
415 3670 511 3720 ponem
529 3670 670 3722 πιεριητεν
688 3656 793 3721 corono
812 3655 946 3706 κλειουεαι
966 3656 1046 3707 δευτε
1065 3656 1091 3707 δι
1109 3669 1221 3707 ενεπετε
1240 3670 1374 3721 εφετερον

146 3781 152 3792 1
229 3758 316 3820 nurcp
335 3743 512 3807 υμνειουεαι’.

304 3831 324 3900 ³)
344 3830 508 3887 Theocritus
528 3849 637 3901 quoque
656 3831 699 3887 bis
718 3831 866 3886 excitatur:
888 3831 1064 3901 ‘Aeanthylis
1083 3832 1235 3886 secundum
1252 3833 1374 3902 aliquem

229 3919 278 3974 sed
300 3919 399 3974 melius
423 3923 465 3974 est
487 3921 623 3977 acanthis.
660 3921 727 3975 Avis
752 3923 795 3976 est
816 3919 948 3990 vepribus
972 3922 1001 3974 et
1024 3919 1132 3974 carduis
1154 3920 1232 3989 pasci
1255 3923 1373 3990 assueta,

229 4008 305 4064 dicta
324 4026 379 4064 απο
397 4027 448 4069 του
467 4014 603 4080 ακανδου,
628 4027 698 4078 quac
722 4028 821 4081 graece
846 4012 889 4065 est
911 4009 1004 4079 spina,
1030 4009 1064 4063 de
1089 4026 1144 4078 qua
1163 4010 1326 4064 Theocritus
1344 4011 1374 4063 in

229 4097 321 4166 primo
337 4097 426 4167 idylio
445 4097 485 4152 sic
503 4099 602 4153 habet:
626 4116 696 4167 αμφι
721 4102 805 4153 berrue
827 4114 1025 4165 representaret
1044 4114 1129 4164 υγροε
1147 4099 1286 4152 ακανθοθ.
1324 4099 1372 4152 ut:

231 4187 341 4241 ‘Battus
355 4205 473 4258 gemma.
493 4188 637 4258 proprium
655 4187 788 4257 pastoris,
807 4186 886 4241 cuius
905 4185 1034 4241 meminit
1048 4186 1213 4242 Theocritus
1231 4187 1261 4241 in
1275 4187 1373 4256 quinto

229 4271 332 4343 Idylio:
355 4278 396 4330 Ιπε
415 4280 460 4344 μοί
480 4276 658 4345 ωΚορυδων’.
884 4261 887 4268 ’
972 4295 974 4298 ·

301 4365 323 4433 ⁴¹)
351 4365 410 4430 Quo
434 4367 521 4420 modo¹
536 4365 584 4420 ‘usi
608 4365 664 4420 sint
686 4366 791 4434 Papiae
814 4363 903 4419 lexico
927 4381 942 4418 e
965 4364 1069 4420 codicis
1092 4365 1270 4422 Ambrosiam
1299 4365 1373 4422 090

230 4452 344 4506 membr.
364 4470 434 4507 saec.
455 4454 493 4506 IX
516 4455 742 4510 adnotationibus
766 4454 965 4524 marginalibus
993 4454 1063 4508 disci
1090 4456 1191 4523 potest,
1233 4456 1373 4516 Ibienim
