3222 5122
637 274 791 339 -299
841 313 877 320 —

277 436 401 500 calliolo
420 434 594 499 Muellerus
613 435 654 498 ad
671 434 805 498 Festum
823 458 853 518 p.
868 435 926 522 50)
946 435 1048 515 κάρυα
1067 436 1194 518 (κὰροια
1209 431 1334 521 steph.)

278 541 358 622 ἄκρα
381 539 443 628 (sic
468 540 631 625 Osannus,
655 564 757 622 μακρα
781 542 893 626 codex)
917 544 1005 623 παρὰ
1028 541 1223 626 Λουκιλλίψ.’

189 648 420 734 Fragmentum
439 648 666 713 difficillimum
686 652 719 712 et
737 652 806 712 tam
820 649 1005 732 obscurum,
1024 652 1062 713 ut
1079 650 1201 714 nullius
1220 650 1335 714 hucus-

190 777 252 840 que
275 779 352 819 usus
378 757 429 822 sit.
467 755 584 821 Glossa
606 756 664 819 illa
686 754 857 819 Philoxeni
881 778 900 819 a
925 753 1090 839 Stephano
1113 741 1334 840 Vulcanioqne

189 885 220 945 p.
246 861 378 944 105,16
407 863 454 926 sic
477 862 564 926 edita
587 865 650 926 est:
688 859 816 926 ‘Gutilli
845 867 934 945 ocae,
962 862 1075 941 κάροια
1104 863 1219 941 μακρὰ,
1247 863 1335 941 παρὰ

171 966 387 1050 ’Λουκιλλίψζ
417 967 500 1031 unde
529 989 596 1032 non
623 967 741 1032 mirum
770 967 854 1052 quod
881 966 1051 1033 Labbaeus
1074 967 1106 1032 ll
1129 991 1160 1051 p.
1180 969 1245 1034 830
1267 968 1334 1033 tale

190 1074 309 1138 lemma
341 1075 452 1147 finxits
477 1074 582 1157 potitii
614 1095 714 1138 oricus.
758 1072 821 1138 Sed
854 1074 940 1138 aliud
973 1079 1080 1140 exstat
1111 1075 1146 1138 in
1176 1075 1335 1160 Parisino,

190 1181 294 1265 quode
322 1181 471 1247 Osannus
503 1181 569 1245 iam
598 1204 626 1246 a.
651 1181 736 1246 1826
769 1183 855 1244 recte
882 1183 1020 1244 testatus
1050 1185 1111 1264 est,
1142 1204 1257 1265 parum
1285 1205 1336 1248 cu·

190 1289 280 1374 ratus
315 1286 369 1350 ille
405 1311 424 1352 a
450 1287 485 1352 L.
513 1286 684 1372 Muellero,
722 1288 776 1371 qui
810 1289 986 1370 patilliocae
1021 1288 1141 1352 ibidem
1178 1291 1335 1374 scriptum

190 1415 261 1458 esse
285 1394 468 1459 contendat.
501 1395 643 1461 Exhibet
667 1396 753 1460 enim
777 1395 890 1461 codex:
919 1393 1075 1460 ‘Gutullio
1100 1418 1154 1462 eae
1176 1392 1333 1484 soporo

191 1549 345 1621 Moneo
368 1550 496 1621 uoco
521 1497 735 1622 Adseritur.
781 1556 833 1619 Ad
860 1557 945 1620 idem
972 1532 1080 1621 autem
1109 1555 1334 1644 vocabulum1)
1405 1584 1408 1596 ’

189 1682 283 1725 nemo
315 1682 381 1725 uon
418 1662 507 1726 videt
544 1663 642 1727 etiam
675 1662 809 1728 Festum
841 1663 935 1727 Pauli
966 1687 996 1746 p.
1020 1661 1077 1747 98,
1103 1665 1143 1728 12
1177 1668 1350 1747 spectare:x

187 1767 356 1849 pelliceae:
397 1790 512 1833 nanim
553 1770 748 1852 iuglandium
786 1790 909 1834 summo
944 1775 973 1834 ei
1007 1771 1123 1834 uiridia
1157 1773 1336 1856 putamina,

191 1896 253 1958 quo
286 1875 357 1938 loco
386 1875 436 1939 usi
464 1877 498 1940 in
524 1877 695 1941 Philoxeni
728 1877 838 1961 glossa
867 1875 1012 1962 Scaliger
1043 1913 1081 1922 —
1110 1898 1214 1960 neque
1248 1878 1335 1942 enim
1454 1889 1456 1894 '

190 1977 373 2066 Vulcanii²)
405 1983 623 2048 coniecturam
652 2005 721 2048 esse
750 1980 946 2068 eScaligeri
974 1985 1014 2048 ad
1042 1983 1179 2047 Paulum
1208 1985 1229 2048 l.
1258 2008 1282 2048 s.
1312 2007 1335 2050 s.
1456 2001 1458 2005 ·

191 2087 400 2152 adnotatione
435 2089 515 2154 disci
549 2092 680 2174 poterat
711 2127 749 2136 —
782 2091 931 2173 pultiocue
964 2095 996 2154 et
1028 2088 1178 2154 Osannus
1210 2090 1229 2154 l.
1259 2113 1282 2154 s.
1311 2114 1336 2155 s.

191 2193 292 2274 κάρυα
320 2193 401 2274 ἄκρα
429 2197 634 2261 scribendum
662 2203 909 2282 proposuerunt.
954 2196 1062 2262 Aliter
1091 2219 1159 2260 rem
1192 2198 1337 2262 instituit

190 2300 225 2366 L.
249 2300 432 2366 Muellerus.
477 2302 627 2387 Namque
656 2311 694 2368 ut
722 2326 817 2388 saepe
846 2304 931 2388 apud
954 2302 1169 2367 Philoxenum
1193 2304 1336 2368 eiusdem

191 2408 341 2493 egregiae
368 2410 497 2494 glossae
525 2410 641 2493 duplex
669 2410 826 2476 memoria
859 2414 976 2495 exstat,
1010 2411 1056 2475 sic
1085 2410 1181 2474 huius
1210 2431 1336 2495 quoque

191 2500 385 2581 Lucilianae.
436 2515 547 2584 Habes
581 2518 667 2581 enim
698 2541 729 2600 p.
756 2517 870 2601 105,8
905 2519 1050 2601 pullusc:
1088 2514 1336 2603 xupororou1o3),

191 2623 332 2706 itemque
368 2623 402 2686 in
439 2624 546 2689 codice
582 2625 739 2708 scriptum
776 2646 845 2688 esse
886 2624 961 2689 scic.
1011 2623 1083 2688 Hac
1115 2623 1226 2707 glossa
1257 2624 1336 2687 duee

191 2728 367 2793 Muellerus
391 2729 496 2794 Lucili
525 2729 745 2816 fragmentum
765 2731 905 2814 pullione
934 2730 1072 2814 scripsit.
1118 2729 1164 2793 At
1186 2732 1337 2793 neutram
1432 2729 1433 2732 ’

193 2835 383 2909 emendandi
410 2836 499 2900 viam
527 2857 586 2920 ego
615 2858 744 2920 sequor,
772 2837 924 2920 quoniam
952 2837 1047 2920 plane
1072 2837 1170 2900 aliam
1194 2835 1336 2901 eiusdem
1392 2833 1394 2838 ’

192 2942 260 3005 sine
284 2941 351 3005 ulla
373 2941 576 3005 dubitatione
599 2940 781 3029 voeabuli4)
805 2943 996 3008 memoriam
1019 2943 1158 3008 servavit
1180 2942 1266 3006 idem
1280 2942 1338 3006 Fe-

128 3087 136 3105 .
194 3050 264 3111 stus
287 3045 381 3110 Pauli
405 3068 435 3130 p.
454 3046 580 3127 50,12:
613 3049 769 3114 calliolo
796 3051 918 3114 cortices
945 3071 1059 3114 unnim
1085 3049 1233 3114 uiridium
1256 3051 1338 3114 dioto

192 3175 213 3216 a
235 3153 439 3217 similitudine
466 3154 644 3234 criticorum,
672 3156 782 3236 quibus
808 3157 916 3220 ninum
942 3157 1004 3220 sive
1032 3156 1131 3220 oleum
1158 3157 1337 3221 continetur.

194 3258 276 3335 Quid
299 3259 366 3323 iam
389 3258 594 3324 faciendum?
641 3259 703 3326 Hic
731 3261 832 3326 habes
860 3259 1028 3361 culliolul),
1056 3262 1126 3326 illic
1146 3263 1338 3347 putulliooce,

266 3505 286 3575 ¹)
306 3506 376 3560 Tam
400 3506 474 3560 enim
498 3507 601 3562 similia
623 3510 688 3562 sunt
710 3509 860 3578 utrobique
883 3509 1018 3563 lemmata
1040 3510 1215 3579 (putuiliocoe
1233 3511 1262 3563 et
1278 3510 1337 3579 pul·

192 3597 287 3664 lionae)
314 3611 404 3663 neque
429 3595 520 3649 minus
548 3596 799 3666 interpretamenta
826 3598 930 3668 (agitur
953 3600 982 3652 et
1004 3597 1051 3652 hio
1070 3600 1099 3652 et
1121 3597 1180 3652 illie
1204 3599 1238 3653 de
1261 3597 1337 3652 nuci·
1401 3652 1406 3661 ,

191 3684 266 3752 bus),
287 3686 320 3738 ut
338 3683 463 3738 dubitari
480 3684 558 3738 nullo
577 3686 660 3740 modo
678 3687 774 3756 possit.
1317 3751 1319 3756 ,

265 3773 285 3840 ²)
309 3761 462 3826 Vulcanius
485 3789 552 3828 sane
576 3790 655 3828 suam
677 3775 746 3829 fecit
770 3776 922 3831 ‘notarum'
942 3793 969 3845 p.
990 3783 1033 3844 42,
1048 3782 1096 3832 35:
1127 3777 1200 3846 ‘lege
1218 3778 1336 3852 pullione,

194 3864 283 3931 κάρυα
303 3863 413 3929 μακρά’.

266 3951 286 4020 ³)
314 3951 389 4005 Num
416 3951 488 4007 forte
516 3970 687 4020 καρυοτομια
719 3954 968 4023 interpretamento
1000 3953 1219 4024 glossographus
1249 3955 1338 4010 ‘nucis

192 4040 384 4110 putamina'
405 4057 504 4109 parum
523 4044 589 4111 apte
607 4041 761 4096 reddidisse
780 4042 932 4097 censendus
951 4045 1012 4098 est?
1035 4042 1140 4098 Multas
1160 4061 1225 4098 sane
1244 4044 1337 4099 Philo·

192 4128 257 4182 xeni
275 4129 382 4199 glossas
400 4130 551 4185 translatas
570 4149 630 4186 esse
649 4131 776 4186 vidimus.

265 4217 286 4286 ⁴)
305 4216 417 4271 Dudum
435 4219 488 4273 hoc
505 4218 682 4274 intellectum
701 4221 751 4275 est.

266 4307 287 4375 ⁵)
305 4306 398 4376 Atque
417 4308 483 4362 cuit·
498 4306 608 4362 litterae
627 4307 696 4376 ipsis
710 4308 786 4363 Festi
804 4308 896 4364 verbis
911 4309 1032 4378 quodam
1047 4309 1130 4365 modo
1144 4310 1335 4380 stabiliuntur,

194 4396 390 4464 comparantur
410 4395 485 4450 enim
503 4397 591 4450 cullei.
