3216 5126
685 323 923 388 -134-

236 484 330 547 satis:
354 486 457 548 scatet
480 482 564 546 enim
589 483 784 566 glossarium
809 481 877 546 eius
901 482 988 546 modi
1012 482 1145 570 mendis.
1176 482 1262 547 Hinc
1286 483 1380 548 facile

237 589 409 654 credideris
430 588 549 652 multas
573 588 699 672 glossas
719 588 759 652 ad
782 588 1039 671 perspiciendum
1059 588 1207 653 difficiles
1227 589 1380 654 facillime

236 717 332 779 posse
345 695 514 778 explicari.
551 693 692 760 Omnino
712 699 820 758 autem
845 695 899 778 qui
922 696 1004 760 bene
1028 717 1151 760 memor
1174 700 1224 760 est
1245 696 1381 760 necessi-

237 803 358 869 tudinis
387 824 469 887 quae
495 803 582 866 inter
608 801 667 866 has
696 806 729 866 et
756 801 918 887 bilingues
947 802 1073 888 glossas
1101 803 1285 886 intercedit,
1313 804 1381 866 sine

238 909 305 974 ulla
340 909 532 974 difficultate
569 909 724 973 maiorem
761 908 1017 991 corruptelarum
1050 913 1180 992 partem
1213 910 1381 974 emendare

238 1017 356 1100 potest.
402 1013 501 1080 Cuius
525 1016 571 1079 rei
595 1016 741 1098 exempla
763 1036 848 1078 nunc
872 1037 936 1078 non
958 1016 1160 1097 proferimus.

327 1121 382 1186 IV.
405 1121 482 1188 Non
505 1123 741 1207 neglegendum
770 1126 819 1186 est
842 1122 976 1205 denique
1000 1123 1080 1186 illud
1105 1122 1190 1206 quod
1213 1123 1311 1187 codex
1336 1146 1383 1187 ar-

238 1230 395 1313 chetypus
418 1230 527 1314 liguris
552 1233 725 1294 exornatus
748 1229 849 1293 fuisse
868 1228 1007 1312 videtur,
1025 1230 1058 1293 id
1078 1229 1249 1314 quodiam
1268 1228 1382 1293 Oehlc-

239 1359 293 1400 rus
318 1358 334 1398 e
358 1335 470 1419 glossa
488 1360 517 1420 p.
533 1336 674 1421 sisso:
698 1337 809 1400 larua:
827 1329 955 1418 potina,
975 1338 1045 1402 tali
1066 1338 1197 1418 sipara
1215 1336 1383 1400 conclusit.

240 1443 355 1507 Restat
376 1446 413 1506 ut
431 1443 585 1508 addamus
604 1465 707 1526 neque
727 1442 761 1506 in
780 1442 909 1508 ‘librum
926 1441 1120 1528 glossarum'
1143 1440 1274 1505 fluxisse
1298 1442 1383 1525 glos-

240 1549 410 1632 sariolum,
434 1572 536 1633 neque
560 1547 759 1634 scaligerum
783 1549 851 1614 eius
875 1551 962 1616 modi
986 1549 1095 1614 codice
1119 1549 1152 1614 in
1176 1549 1382 1634 excerpendis

240 1656 380 1722 ‘Isidori'
405 1657 523 1740 glossis
547 1680 641 1722 usum
664 1680 744 1722 esse.

293 1853 323 1916 4.
352 1850 578 1916 Glossarum
601 1852 944 1936 Amplonianarum
969 1851 1341 1917 emendatiunculae.

332 1996 359 2057 1.
383 1992 511 2058 Codicis
532 1991 755 2077 Amploniani²
768 2019 798 2079 p.
813 1979 888 2072 386,
904 1996 943 2059 16
967 1994 1078 2078 glossa
1100 1999 1268 2077 cerpentes:
1291 1995 1386 2073 fortes
1456 1983 1458 1986 ’

240 2104 350 2183 aperte
374 2104 525 2183 corrupta
549 2105 581 2164 et
606 2136 644 2146 -
670 2101 703 2165 ni
726 2101 822 2166 fallor
846 2139 886 2147 —-
913 2101 1010 2164 etiam
1034 2103 1185 2164 truncata
1207 2102 1264 2164 est.
1310 2099 1385 2163 Non

241 2206 425 2289 displiceret
448 2206 528 2270 mihi
552 2211 639 2271 certe
663 2208 708 2272 sie
732 2209 865 2292 scripta:
895 2209 1071 2290 imagines:
1098 2207 1191 2287 fortes
1216 2207 1385 2288 [feminael.

248 2313 319 2378 Veri
332 2333 400 2375 vero
413 2334 519 2376 omum
533 2317 592 2376 cet.
607 2317 643 2377 nt
656 2315 771 2398 vulgus
786 2314 834 2378 ita
848 2314 948 2377 etiam
965 2313 1099 2396 codices,
1119 2337 1181 2398 quo
1197 2336 1236 2377 ex
1250 2335 1384 2377 numero

242 2419 410 2483 Palatinos
425 2419 535 2482 Plauti
554 2419 620 2483 iam
640 2442 737 2504 supra
756 2443 785 2503 p.
802 2421 844 2484 75
864 2421 1196 2500 commemoravimus.
1225 2418 1272 2484 Of.
1288 2418 1386 2483 ctiam

242 2526 343 2617 ipsius
359 2523 580 2608 Amploniani¹
596 2526 723 2609 glossas
742 2549 772 2609 p.
788 2526 861 2608 385,
874 2527 916 2590 86
934 2528 1075 2590 veritim:
1094 2527 1278 2609 singillatim
1298 2530 1330 2590 et
1344 2527 1385 2590 89

242 2634 304 2696 viii
323 2633 461 2696 cordati:
481 2632 557 2696 bono
579 2633 678 2713 corde,
702 2633 757 2695 ubi
775 2633 838 2695 uiri
859 2632 895 2695 in
913 2632 1022 2696 codice
1040 2655 1078 2697 ex
1096 2636 1161 2698 ueri
1183 2634 1304 2696 facturn
1329 2637 1387 2696 est.

332 2740 361 2803 2.
393 2737 499 2804 Foede
532 2742 702 2822 corruptae
735 2744 812 2803 sunt
843 2762 923 2824 quas
953 2739 1109 2829 Oehlerus
1139 2741 1260 2804 ibidem
1291 2742 1387 2824 ltlsq.

244 2847 343 2910 edidit
366 2847 495 2930 glossae
517 2846 611 2910 haec:

316 2954 494 3019 Veretum:
518 2954 627 3018 virilia
649 2953 779 3018 musculi
798 2956 892 3042 ¹otiosi
913 2974 1028 3017 nunna
1050 2955 1187 3036 ignisque
1209 2953 1366 3017 solabatur

318 3059 524 3124 Vesticriam:
548 3061 681 3142 erogatio
703 3061 793 3124 vestis
815 3060 887 3122 urbe
909 3081 998 3123 roma
1019 3080 1114 3140 quam
1135 3060 1246 3140 auat
1267 3060 1355 3124 miles

246 3163 416 3229 Sciendum
440 3168 490 3229 est
513 3166 547 3229 in
570 3166 678 3230 codiee
701 3165 781 3229 haee
803 3166 911 3248 potius
936 3165 1057 3248 scripta
1080 3169 1220 3230 exstare:

318 3272 494 3336 Verctram:
518 3274 625 3337 cirilla
647 3273 777 3338 musculi
806 3274 897 3354 quasi
918 3295 1032 3338 numen
1054 3274 1213 3356 &atquae
1235 3273 1389 3337 colebatur

380 3380 414 3442 ia
436 3379 510 3443 urbe
531 3400 619 3443 romu

318 3485 452 3568 Vectigal
462 3502 471 3548 ε
496 3486 643 3549 tributam
661 3487 776 3568 fistula
796 3488 962 3568 peculiaris
980 3489 1113 3570 eroputio
1126 3488 1296 3570 paenulae
1313 3507 1390 3568 quac

377 3593 441 3671 fuit
462 3595 498 3656 in
519 3591 679 3678 specilioff)

319 3699 508 3764 Vestioiius:
531 3701 586 3781 qui
607 3702 736 3766 uestibus
752 3706 855 3784 preest

319 3803 525 3889 varicoso:
549 3808 652 3871 minus
674 3829 770 3872 sanus

319 3912 526 3978 Vestorium:
549 3915 683 3995 erogatio
706 3915 808 3992 sestis,
831 3935 925 3995 quum
947 3915 1059 3994 metm
1080 3916 1167 3979 miles

249 4019 396 4084 Alteram
424 4019 489 4084 iam
517 4021 674 4104 glossam,
707 4021 796 4085 cuins
828 4020 947 4084 lemma
975 4022 1154 4086 vestiarium
1182 4024 1243 4104 est,
1272 4020 1391 4085 codicis

248 4148 308 4210 ope
337 4126 377 4190 ab
407 4125 538 4190 Oehleri
570 4128 752 4210 corruptela
782 4126 1031 4192 vindicavimus:
1063 4131 1165 4192 restat
1194 4128 1291 4212 prior.
1340 4127 1392 4191 lbi

323 4354 342 4422 ¹)
362 4354 578 4408 Scribendumne
596 4371 666 4422 quoe
683 4356 715 4420 fit
732 4355 905 4421 inprecatio?

323 4444 343 4512 ²)
369 4443 507 4500 Vesanus
525 4446 604 4499 muta
622 4444 651 4500 in
669 4461 805 4502 cessantes.
