3232 5122
664 324 908 391 -245-

286 483 360 538 unde
373 483 403 536 in
417 483 547 553 passione
561 481 639 537 beati
651 481 775 537 Thomae

285 570 352 641 apl'i
385 572 532 641 proaulam
565 570 590 622 d·
619 570 774 640 disponam.

285 662 356 716 ltem
384 661 450 716 aula
479 659 581 714 dicitur
608 659 775 728 quandoque
803 658 950 713 Sciendum
969 661 1064 718 autem
1083 661 1158 729 quod
1176 661 1243 714 aula
1260 659 1363 714 dieitur

285 749 418 804 scrinium
436 749 466 804 in
484 767 541 818 quo
559 765 602 803 res
626 751 774 818 ponuntur.

286 837 359 892 unde
378 838 495 893 Plautus
513 837 543 891 in
557 837 672 891 Aularia
687 879 693 890 .
708 854 774 905 qua·

287 925 416 981 dribilem
430 927 524 980 aulam
540 942 606 980 auro
625 926 775 980 honustam

284 1032 337 1085 ego
360 1015 452 1069 habeo
468 1059 474 1070 .
493 1014 566 1068 unde
590 1014 676 1068 etiam
698 1013 774 1068 idem

285 1101 413 1158 eamdem
445 1103 620 1183 comoediam
655 1101 686 1155 in
718 1119 774 1170 qua

283 1193 353 1247 haec
372 1192 444 1246 dixit
462 1192 606 1246 Aulariam
624 1191 671 1268 uel
686 1190 772 1244 Aulu-

283 1280 383 1335 lariam
398 1280 589 1348 ·q.·aulariam
608 1278 722 1334 uocauit
740 1295 773 1334 eo

284 1369 359 1436 quod
377 1368 406 1422 in
425 1385 458 1423 ea
478 1369 524 1439 [ca
542 1369 643 1422 lineola
659 1369 774 1422 deletam

283 1463 362 1512 estet
379 1459 414 1513 'eo
433 1474 521 1526 supra
534 1455 679 1526 seriptum]
697 1473 773 1510 men·

281 1547 388 1601 tionem
412 1548 446 1601 de
470 1546 535 1600 aula
554 1544 580 1598 ·i·
599 1544 633 1598 de
652 1544 773 1612 quadam

285 1635 408 1705 capsella
444 1652 512 1689 auro
553 1633 639 1702 plena
679 1631 772 1686 saciat.

283 1725 355 1778 Item
376 1725 439 1778 calc
453 1765 459 1776 .
475 1732 556 1792 grece
572 1764 578 1775 .
593 1720 680 1775 latine
705 1719 771 1774 dici-

283 1813 329 1866 tur
343 1812 463 1866 cannula
476 1809 523 1866 vel
536 1810 620 1878 tibia,
639 1809 712 1864 unde
727 1809 772 1863 hic

282 1901 372 1968 aulea,
395 1902 430 1955 lis
454 1902 482 1954 εὴ
505 1899 551 1953 hic
574 1899 697 1953 aerledus.
724 1898 773 1966 qui

283 2007 346 2043 cum
367 1988 487 2043 cannula
508 1987 604 2040 cantat
626 1987 655 2040 in
679 1987 771 2054 choro,

283 2061 342 2131 eive
356 2077 474 2144 tibicen;
494 2078 522 2130 et
537 2076 712 2144 componitur
725 2075 772 2129 hic

283 2166 412 2234 caculae,
428 2166 470 2233 lis,
489 2164 538 2219 ille
558 2164 607 2233 qui
626 2181 689 2218 cum
708 2180 771 2219 can-

281 2255 348 2310 nula
372 2255 468 2308 cantat
489 2252 519 2306 in
538 2253 621 2306 choro
637 2295 642 2306 .
658 2256 687 2306 εὴ
705 2252 770 2326 inde

273 2447 449 2506 ‚organorum
480 2447 530 2499 per
563 2447 631 2499 quas
660 2429 772 2484 elicitur

282 2518 404 2574 melodia
419 2561 425 2572 .
439 2518 513 2572 unde
540 2519 652 2576 calidas
672 2537 705 2573 a·
725 2536 771 2573 am

283 2607 307 2662 ·i·
323 2607 413 2662 dulcis
428 2606 567 2674 adinstar
585 2606 645 2662 soni
664 2607 770 2677 organi.

283 2697 356 2752 unde
384 2695 540 2750 Marcianus
569 2695 684 2765 Capella
710 2695 770 2766 [Ca-

281 2787 358 2856 pella
367 2787 430 2840 add.
441 2801 475 2838 m.
481 2789 554 2853 post.
567 2784 644 2837 intra
653 2783 769 2853 versam]

282 2873 376 2930 aulide
401 2872 476 2942 quod
502 2871 649 2926 dulcedine
673 2872 770 2925 cantus

282 2961 404 3016 intonuit
423 3004 429 3015 .
449 2964 478 3015 et
505 2960 680 3030 componitur
708 2977 771 3014 cum

282 3052 352 3120 ydor
370 3051 444 3120 quod
460 3052 503 3105 est
517 3065 591 3118 aqua
606 3051 634 3103 et
652 3049 684 3103 fit
702 3049 772 3103 haec

282 3141 424 3211 ydraula.
447 3140 470 3193 lc
495 3156 578 3193 sonus
604 3137 702 3207 organi
726 3138 772 3193 vel

267 3228 425 3297 'quoddam
456 3245 545 3298 genua
578 3243 771 3296 organorum.

282 3317 356 3372 unde
375 3316 533 3372 Marcianus
550 3357 555 3370 .
570 3331 622 3370 nec
643 3315 772 3385 ydraula-
809 3363 811 3367 .

282 3424 344 3460 rum
358 3407 455 3461 deerat
466 3404 598 3475 organica
611 3404 773 3474 plenitudo.

283 3497 312 3550 et
334 3495 398 3548 inde
422 3495 584 3565 ydraalc'cas
604 3512 638 3548 a·
657 3509 716 3562 am,
742 3494 774 3546 ut

283 3583 444 3654 ydraulicus
469 3600 552 3639 sonus
572 3583 598 3637 ·i·
618 3582 707 3636 duleis
727 3582 773 3636 vel

283 3688 365 3727 sonus
390 3673 579 3743 ydraularum.
616 3671 688 3726 Item
707 3670 773 3724 aula

284 3761 460 3831 componitur
476 3779 539 3816 cum
555 3751 651 3815 adet
669 3759 773 3813 dicitur

841 743 850 760 ⁰
874 747 1025 817 aliquando
1047 766 1098 818 pro
1117 747 1231 818 scrinio,
1254 749 1284 802 in
1307 766 1361 817 quo

873 853 916 891 res
939 838 1124 906 reponuntur;
1149 838 1223 892 unde
1245 838 1362 892 Plautus

873 925 902 979 in
912 925 1039 981 Aularia:
1054 926 1257 994 quadrilibrem
1267 927 1361 982 aulam

873 1030 940 1068 auro
952 1015 1101 1070 honustum
1111 1032 1163 1085 ego
1178 1016 1277 1071 habeo.
1287 1016 1361 1071 unde

873 1103 959 1158 etiam
985 1103 1061 1158 idem
1087 1103 1204 1158 Plautus
1233 1105 1360 1160 eamdem

872 1192 1053 1268 comoediam,
1067 1193 1097 1246 in
1110 1209 1166 1261 qua
1179 1194 1232 1248 hoc
1242 1194 1360 1264 scripsit,

825 1303 829 1310 ·
872 1280 1017 1336 Aulariam
1039 1282 1151 1337 vocavit
1175 1299 1207 1336 eo
1231 1281 1306 1350 quod
1330 1283 1360 1336 in

841 1443 842 1448 ἵ
873 1386 906 1424 ea
924 1369 958 1424 de
978 1371 1043 1424 aula
1058 1370 1083 1424 ·i·
1103 1370 1138 1424 de
1156 1369 1277 1439 quadam
1297 1387 1360 1440 cap·

872 1459 942 1513 sella
960 1474 1026 1512 auro
1045 1459 1130 1527 plena
1143 1458 1229 1514 faeiat
1242 1460 1359 1514 mentio-

871 1565 943 1603 nem.

180 2343 186 2356 '
282 2344 344 2398 calc
357 2340 505 2411 pluraliter
519 2329 647 2395 dicuntur
660 2341 769 2396 fistulae
799 2347 890 2400 Aulac
915 2362 1025 2415 quoque
1051 2344 1155 2414 plurali
1179 2361 1294 2399 numero
1318 2343 1359 2398 di-

870 2435 970 2488 cuntur
985 2433 1095 2489 fistulae
1110 2449 1291 2503 organorum,
1310 2449 1360 2502 per

870 2541 939 2592 quas
959 2521 1071 2577 elicitur
1089 2521 1223 2588 melodia3
1246 2521 1358 2576 atinde

869 2613 991 2678 calidas,
999 2603 1025 2679 a,
1036 2628 1083 2666 am
1092 2610 1117 2664 ·i-
1126 2610 1215 2664 dulcis
1225 2609 1261 2664 ad
1271 2609 1360 2664 instar

870 2700 932 2756 soni
951 2699 1089 2769 organici;
1108 2699 1181 2753 unde
1200 2698 1359 2754 Marcianus

871 2789 999 2859 Capella:
1019 2787 1184 2855 aulidaeque
1203 2786 1358 2841 dulcedinis

870 2879 969 2954 cantus
983 2875 1122 2930 intonuit.
1140 2875 1169 2929 εὴ
1183 2872 1368 2944 componitur
1432 2861 1440 2874 ⁰

870 2967 940 3022 haec
958 2966 1107 3035 hydraule,
1121 2981 1153 3018 ac
1173 2963 1198 3017 ·i·
1213 2981 1301 3040 sonus
1316 2980 1358 3018 or-

870 3053 950 3123 gani;
968 3054 1015 3110 vel
1033 3055 1065 3107 ut
1079 3052 1130 3107 alii
1143 3053 1252 3122 volunt,
1272 3052 1359 3120 quod-

872 3141 936 3196 dam
960 3159 1048 3212 genus
1077 3158 1257 3211 organorum3
1285 3141 1374 3218 unde·

870 3230 1040 3286 Marcianus:
1077 3247 1128 3286 nec
1159 3229 1360 3300 hydraulamm
1449 3280 1452 3285 .

872 3319 1004 3389 organica
1027 3319 1125 3373 deerat
1147 3317 1305 3388 plenitudo;
1331 3319 1360 3374 et

863 3407 937 3462 ¹inde
955 3409 1144 3484 hydraulicas,
1163 3425 1189 3475 a,
1208 3423 1261 3463 um.

951 3744 1091 3799 Osbernus
1101 3759 1136 3813 ·p.
1151 3750 1198 3799 37:

284 3851 384 3906 adulor
398 3892 404 3904 .
419 3852 486 3919 cris,
499 3851 616 3905 verbum
630 3850 771 3918 deponens
800 3851 918 3919 Adclor,
937 3851 1005 3917 aris,
1023 3856 1086 3906 atus
1099 3867 1159 3905 sam
1177 3850 1294 3905 verbum
1313 3851 1359 3904 de-

285 3938 310 3992 ·i·
337 3938 511 3994 assentiendo
544 3938 666 3993 blandiri
698 3938 771 4006 quod

284 4028 375 4084 solent
400 4029 492 4083 facere
521 4028 641 4083 maxime
665 4025 771 4082 aulici.

285 4118 331 4171 vel
355 4120 398 4173 est
423 4117 608 4188 compositum
631 4135 665 4171 ex
689 4135 721 4170 a·
745 4118 774 4170 et

284 4207 364 4261 dulos
383 4207 457 4274 quod
479 4209 523 4260 est
544 4206 662 4260 servitus
679 4247 684 4260 .
699 4205 773 4274 quod

284 4313 426 4351 servorum
463 4296 501 4349 sit
537 4295 646 4350 adulari
670 4337 676 4349 .
699 4295 772 4348 unde

871 3956 990 4010 ponens;

211 4453 213 4460 Ι
284 4386 421 4441 vocabula
436 4385 642 4441 declinasse.
662 4386 691 4439 et
705 4386 773 4444 oda·
800 4384 865 4440 inde
884 4385 930 4440 hic
948 4385 1086 4451 adulator,
1104 4385 1173 4451 arira

283 4475 401 4530 letorius
425 4493 460 4530 aa
482 4492 529 4529 aar
556 4473 653 4528 ‘verba
677 4473 772 4528 adula-
