3232 5122
694 295 932 360 -182—

245 469 361 535 nititur
393 465 512 552 glossis
543 411 708 526 nonnullis
740 457 781 522 ab
811 453 950 520 Aemilio
983 451 1129 516 Bithrens
1162 453 1195 513 et
1227 445 1389 512 Guilelmo

247 575 390 652 Schmita
414 593 520 637 meum
544 570 578 632 in
602 591 696 632 usum
719 561 1020 632 benevolentissime
1051 556 1218 640 excerptis.
1263 552 1390 630 Novam
1440 605 1446 612 .

246 681 399 769 glossarii
423 679 614 759 editionem,
637 675 765 760 qualem
789 670 994 737 Franciscum
1018 666 1192 731 Oehlerum
1216 666 1249 727 et
1271 660 1390 726 Mauri-
1431 717 1435 726 .

247 791 329 854 tium
352 785 531 872 Hauptium
554 808 688 870 parasse
696 782 721 871 ¹)
745 785 878 870 scimus,
900 806 959 848 nos
983 784 1156 868 aliquando
1183 786 1390 870 evulgaturos

247 919 317 962 esse
342 916 518 980 speramus.
1284 871 1289 888 ‘

337 1004 366 1067 3.
396 1001 543 1068 Flavium
567 999 773 1065 Theodorum
796 981 1049 1063 Philoxenum
1073 999 1150 1062 anni
1172 1022 1203 1082 p.
1227 997 1302 1064 Ohr.
1326 999 1391 1066 525

220 1111 413 1188 ‚consulem
440 1108 535 1172 huius
565 1106 717 1192 glossarii
745 1107 909 1170 auctorem
938 1127 1008 1170 esse
1032 1103 1202 1192 scaligeri,
1231 1104 1393 1191 salmasii,

248 1218 386 1282 aliorum
415 1215 599 1280 coniectura
627 1215 689 1295 est,
719 1211 865 1276 derivata
893 1211 950 1275 illa
973 1234 990 1275 e
1015 1211 1161 1276 versibus
1190 1212 1393 1298 quibusdam,

248 1347 329 1410 quos
352 1325 387 1388 in
410 1323 593 1407 glossarum
611 1319 721 1385 codice
744 1322 870 1384 exstare
892 1320 1061 1403 putabant.
1104 1317 1187 1384 Sunt
1209 1323 1318 1386 autem
1341 1319 1392 1384 hi:

461 1434 590 1494 τοιοῦτο
614 1431 721 1505 δῶρον
744 1433 782 1510 τῇ
806 1433 890 1510 conpr]
913 1425 1063 1509 γερουείᾳ

405 1591 409 1598 .
463 1535 585 1600 ὕπατοι
608 1533 764 1612 ὑπάρχων
787 1535 961 1612 προεφέρω
985 1533 1166 1600 Φιλόξενος.
1216 1517 1219 1530 ”

250 1647 320 1714 Hos
339 1666 450 1708 versus
469 1642 503 1705 in
521 1640 628 1706 codice
640 1640 790 1704 ⁴Parisino
806 1639 891 1704 7651
912 1662 978 1704 non
997 1644 1136 1722 exstare,
1160 1641 1216 1704 sed
1239 1640 1395 1724 diptycho

251 1753 375 1817 cuidam
405 1749 579 1832 inscriptos
606 1768 675 1811 esse
699 1747 751 1811 Du
771 1744 913 1831 Congius
937 1746 972 1810 in
994 1745 1140 1811 Labbaei
1162 1747 1395 1830 glossariorum

251 1857 450 1944 praefatione
474 1854 623 1937 exposuit
646 1856 679 1916 et
701 1853 890 1936 explicatius
908 1856 986 1936 post
1004 1875 1076 1918 eurn
1090 1853 1275 1919 ltudorffius
1295 1853 1316 1918 l.
1332 1876 1356 1917 s.
1371 1876 1395 1917 s.
1464 1913 1467 1918 .

251 1963 439 2049 Diptychon
458 1961 536 2026 illud
555 1983 628 2025 eum
648 1960 690 2024 ad
714 1960 839 2043 glossas
862 1959 1100 2044 latinograecas
1118 1960 1201 2024 nihil
1224 1961 1396 2044 pertineat,

252 2071 466 2136 Philoxenum
489 2070 653 2132 auctorem
674 2088 742 2131 non
766 2087 835 2130 esse
859 2065 953 2130 facile
978 2069 1121 2149 apparet.
1159 2066 1272 2150 Itaque
1293 2067 1397 2130 nesci·

229 2153 324 2242 ¹mus
361 2177 412 2241 cui
449 2169 519 2240 tam'
554 2173 717 2258 egregiam
755 2171 1014 2237 doctissimorum
1050 2172 1233 2256 glossarum
1269 2173 1397 2257 copiam

254 2284 436 2361 debeamus,
478 2281 547 2356 Quo
572 2283 680 2343 autem
703 2282 849 2361 tempore
873 2282 987 2342 natum
1010 2301 1080 2343 esse
1103 2279 1249 2344 videatur
1272 2281 1396 2367 glossa-

254 2391 337 2453 rium
361 2393 394 2452 et
413 2388 448 2452 in
467 2409 530 2471 qua
548 2386 690 2470 regione,
708 2385 747 2448 de
765 2384 818 2449 his
833 2385 968 2471 aliisque
982 2387 1077 2451 rebus
1095 2387 1157 2452 huc
1177 2389 1397 2471 spectantibus

254 2495 384 2559 consule
403 2493 614 2558 Rudofffium.

343 2603 373 2666 4.
402 2600 562 2665 Praeclari
578 2579 736 2683 ‘glossarii
759 2601 853 2678 rpiuc
873 2600 1047 2664 dolendum
1066 2601 1219 2685 estquod
1238 2623 1338 2685 usque
1358 2601 1399 2664 ad

158 2739 163 2749 ·
255 2711 339 2776 hunc
354 2708 438 2772 diem
453 2707 601 2792 neglecta
615 2707 705 2772 iacet.
729 2705 870 2772 Exstant
882 2730 958 2772 sane
972 2708 1130 2773 nonnulla
1144 2707 1326 2772 tentamina
1341 2702 1411 2771 cri?

255 2817 334 2898 tica,
357 2815 412 2878 sed
435 2819 510 2898 post
529 2837 641 2879 eorum
659 2836 740 2898 quos
760 2814 872 2878 statim
892 2814 1106 2880 indicabimus
1125 2813 1268 2878 virorum
1292 2812 1400 2879 studia

255 2942 351 2986 nemo
369 2921 436 2985 fere
456 2921 582 2985 curavit
599 2921 851 3004 pretiosissimas
870 2920 1116 3005 antiquissimae
1135 2920 1298 2986 doctrinae
1312 2919 1399 2984 relli-

186 3111 192 3120 ·
256 3030 363 3112 quias,
381 3027 414 3092 id
429 3026 515 3111 quod
533 3027 710 3110 permirum
726 3030 790 3109 est,
808 3048 880 3090 cum
895 3024 1039 3111 Scaliger
1058 3027 1177 3111 aliique
1196 3027 1294 3093 toties
1314 3028 1399 3112 glos-

257 3136 334 3201 sarii
357 3136 496 3199 virtutes
518 3134 652 3200 summis
675 3133 823 3199 laudibus
847 3134 1029 3199 extulerint.
1067 3132 1327 3199 Consentaneum
1350 3137 1400 3198 cst

258 3263 335 3306 sane
349 3242 469 3306 multas
480 3239 674 3306 ‘Philoxeni'
690 3242 815 3325 glossas
830 3242 864 3305 in
879 3241 1081 3326 adversariis,
1090 3241 1315 3326 coniectaneis,
1326 3242 1400 3307 scri-

257 3352 387 3432 ptorum
402 3348 643 3413 commentariis
658 3349 750 3433 quasi
764 3349 997 3432 praetereundo
1011 3349 1159 3433 tractari,
1176 3371 1258 3433 quae
1273 3349 1401 3432 quidem

258 3455 366 3521 studia
394 3455 474 3519 satis
501 3454 636 3519 disiecta
659 3455 812 3539 colligere
840 3454 908 3520 eius
932 3455 993 3518 erit
1016 3455 1070 3539 qui
1098 3455 1293 3540 glossarium
1321 3455 1402 3519 edet.

258 3561 428 3628 Nonnulla
442 3565 551 3625 autem
562 3560 629 3625 eius
640 3561 726 3625 modi
737 3561 803 3624 iam
814 3561 950 3626 collecta
961 3560 1063 3625 habes
1073 3561 1109 3624 in
1119 3560 1401 3648 ‘castigationibus
1451 3567 1458 3590 '

259 3673 292 3734 et
307 3667 586 3732 emendationibus
601 3667 635 3731 in
655 3655 825 3751 utrumque
844 3667 1050 3752 glossarium'
1066 3667 1209 3734 Labbaei
1233 3669 1401 3754 glossariis

259 3799 290 3860 p.
305 3775 481 3839 nor-246
496 3773 637 3838 adiectis.
660 3771 817 3837 Maiorem
832 3773 1014 3859 glossarum
1028 3779 1153 3870 partem
1169 3776 1402 3840 emendandam

259 3886 497 3967 proposuerunt
523 3881 709 3946 Desiderius
737 3879 931 3946 Heraldus
959 3881 993 3945 in
1016 3880 1285 3947 Adversariorum
1311 3882 1402 3947 libris

261 3989 399 4054 duobus:
419 3988 457 4053 cf.
472 3971 590 4072 prioris
608 3987 684 4052 libri
704 3987 841 4070 capital
859 4010 889 4070 p.
907 3989 993 4052 1-4
1011 3987 1177 4071 (editionis
1191 3987 1355 4054 Parisinae
1376 4011 1403 4053 a.

263 4093 376 4181 1699);
394 4092 442 4157 IV
456 4116 487 4177 p.
499 4095 641 4172 10—133
655 4093 702 4157 VI
715 4117 746 4178 p.
759 4094 813 4178 193
827 4093 892 4159 VII
906 4117 937 4178 p.
951 4095 1096 4177 28÷363
1115 4094 1196 4160 VIII
1210 4118 1240 4179 p.
1255 4095 1403 4178 36-433

336 4253 355 4321 ¹)
371 4252 512 4307 Glossaria
525 4251 663 4321 bilingnia
677 4268 740 4305 cum
750 4251 832 4306 edere
847 4249 901 4306 sibi
914 4252 1105 4321 proposuisset
1120 4251 1186 4308 ‘non
1201 4252 1404 4307 contemnenda

238 4389 242 4400 .
261 4342 346 4396 istum
365 4341 394 4396 in
416 4342 510 4395 finem’
536 4343 713 4411 congesserat
731 4340 852 4393 Thomas
871 4339 998 4395 Cronius:
1022 4360 1048 4395 v.
1068 4340 1126 4396 cius
1144 4339 1405 4397 Animadversiones

262 4430 359 4502 philol.
378 4433 408 4486 et
425 4431 520 4486 histor.
539 4431 611 4502 part
630 4429 669 4485 IX
687 4428 908 4486 Amstelaedami
927 4445 952 4486 a.
972 4435 1039 4486 1701
1060 4429 1102 4486 ed.
1121 4447 1148 4502 p.
1165 4434 1223 4486 133.
