3178 5122
653 341 871 406 ,25-

187 520 299 562 omnes
323 496 514 564 Gothofredi
541 501 680 584 vestigia
703 502 797 566 anxie
820 503 987 587 pressisse,
1009 504 1153 569 laborem
1176 505 1330 590 glossarii

185 606 305 670 iterum
328 607 541 671 concinnandi
564 609 615 672 vel
635 611 720 672 certe
744 608 784 672 ad
806 630 953 672 normam
972 607 1196 676 Vulcanianae
1220 612 1331 676 editio-

186 714 237 777 nis
258 714 448 778 emendandi
471 713 641 800 firgientes.
665 752 708 761 —
731 714 867 780 Adiecta
890 699 966 779 sunt
993 717 1077 800 apud
1098 716 1331 783 Gothofredum

187 820 397 904 ‘Excerpta
415 820 643 904 Pythoeana
662 843 701 885 ex
719 822 880 886 veteribus
896 821 1034 906 glossis',
1055 821 1192 889 ‘Isidori'
1207 825 1330 908 glossa-

185 949 258 991 rum
285 931 451 1012 tamquam
473 928 556 992 lacte
580 926 673 991 lactis
702 927 834 1012 similia,
862 927 937 991 inde
965 950 985 992 a
1006 949 1037 1011 p.
1061 930 1104 993 33
1129 929 1331 1014 ‘Auctoratiq

185 1037 334 1100 venditio:
362 1055 437 1099 naen
464 1035 519 1099 snb
545 1035 785 1098 enetoeetioneen
811 1037 885 1098 snnt
908 1033 1096 1115 gladiatores
1123 1039 1177 1120 qni
1203 1058 1234 1102 se
1260 1059 1328 1102 cen·

185 1143 275 1222 dcent,
298 1133 436 1223 Asines,
455 1160 553 1220 penne
574 1142 699 1226 ceneris,
727 1140 951 1223 Adtiteenulis,
975 1142 1095 1207 einnns
1118 1194 1125 1208 .
1148 1193 1156 1208 .
1180 1143 1203 1208 .'
1227 1165 1328 1228 usque

186 1248 225 1311 ad
250 1270 281 1330 p.
304 1244 379 1332 801)
408 1246 598 1311 'Vesceliam
624 1269 679 1312 aas
701 1269 836 1330 peronen
859 1248 1041 1313 Monobins
1068 1248 1204 1316 ‘soluens
1230 1253 1331 1316 radiis

184 1357 220 1419 in
247 1375 330 1436 wne
356 1354 520 1419 nebieetnen
547 1354 684 1420 cusniti'
718 1355 802 1420 Glos.
829 1355 1016 1441 eeseillinen3
1050 1357 1184 1442 Vetnlin,
1206 1379 1330 1439 poenae

182 1462 286 1543 fabae,
316 1461 418 1539 Vinio,
440 1462 549 1526 viniale
572 1461 744 1527 brechiele'.
793 1461 990 1546 Diligentius
1015 1467 1122 1528 autem
1145 1463 1330 1548 inquirenti,

184 1569 271 1653 quod
293 1569 538 1633 necessitudinis
561 1569 726 1633 vinculum
749 1569 834 1632 inter
856 1568 1011 1633 Vulcanii
1036 1570 1161 1653 glossas
1185 1573 1217 1632 et
1245 1569 1326 1635 haec

185 1675 359 1759 ‘excerpta'
382 1677 602 1756 intercederet,
625 1677 751 1741 collatis
775 1677 860 1740 inter
882 1697 916 1740 se
941 1675 1077 1758 singulis
1101 1676 1186 1758 apud
1206 1679 1328 1741 utrum·

185 1805 246 1866 que
270 1783 387 1867 glossis
410 1783 490 1846 mihi
513 1782 675 1867 apparuit:
861 1769 863 1774 ¹

235 1922 268 2010 1)
291 1926 388 2011 longe
411 1926 565 1990 maiorem
585 1925 766 2021 glossarum
783 1923 1034 1988 Pithoeanarum
1058 1928 1183 2009 partem
1202 1930 1326 1992 mutato

296 2032 415 2117 ordine,
438 2033 556 2097 additis
575 2030 685 2094 multis
705 2029 813 2112 eisque
838 2030 1113 2132 saepeqcorruptis
1133 2031 1326 2098 coniecturis

294 2142 326 2202 et
353 2137 484 2224 notis2),
513 2139 618 2221 ipsam
651 2135 802 2200 miserum
830 2135 864 2199 in
896 2136 1027 2200 modum
1061 2141 1259 2224 corruptam,
1288 2163 1326 2205 ex

256 2421 276 2489 ¹)
295 2422 338 2476 Ne
361 2422 406 2476 eui
428 2422 530 2475 mirum
552 2421 694 2487 videatur,
723 2436 771 2473 cur
794 2418 901 2486 glossae
926 2436 940 2472 e
964 2417 1102 2472 Vulcacio
1131 2420 1268 2490 repetitae
1292 2430 1327 2477 33

181 2509 293 2581 paginis
311 2511 356 2565 vel
374 2511 468 2580 potius
488 2508 647 2564 ‘columnis'
668 2507 871 2573 contineantur,
891 2505 1043 2574 ‘Execrpta
1058 2506 1232 2576 Pythoeana'
1253 2529 1326 2580 quae
1417 2495 1422 2504 ⁸

181 2599 366 2669 pauciores
385 2601 493 2670 glossas
512 2599 663 2653 exhibeant
682 2603 725 2665 44,
745 2595 1020 2651 commemorandum
1038 2595 1150 2650 videtur
1167 2602 1232 2667 post
1249 2618 1276 2669 p.
1292 2608 1326 2655 34

180 2689 276 2743 statim
294 2690 436 2745 numerari
453 2695 496 2744 51.
516 2694 558 2743 52.
577 2693 620 2742 53.
641 2729 647 2741 .
668 2729 674 2742 .
1144 2730 1152 2748 .

255 2778 277 2846 2)
297 2778 375 2834 Haec
397 2796 441 2834 res
464 2795 564 2848 parum
582 2778 730 2847 perspecta
752 2774 848 2830 multis
870 2774 966 2829 fraudi
988 2774 1055 2842 fuit,
1078 2775 1157 2830 velut
1177 2776 1326 2834 Francisco

182 2865 314 2935 Oehler0,
343 2866 392 2936 qui
418 2868 448 2921 in
472 2868 615 2922 Noveram
638 2865 791 2921 Annalium
814 2867 834 2919 t.
861 2863 952 2935 suppl.
972 2864 1038 2916 XIII
1062 2866 1096 2934 (a.
1123 2868 1202 2934 1847)
1226 2884 1253 2935 p.
1274 2875 1324 2922 232

180 2956 216 3009 ad
238 2955 368 3010 ‘Isidori’
389 2956 513 3025 glossam
531 2974 559 3025 p.
579 2962 643 3023 667,
668 2961 701 3009 59
726 2955 768 3009 ed.
792 2954 872 3010 Vulc.
898 2954 969 3008 haec
998 2953 1128 3007 adnotat:
1154 2954 1211 3008 ‘fiir
1233 2963 1326 3022 annet,

178 3045 266 3113 fulget
283 3044 321 3098 ist
339 3046 480 3100 entweder
494 3045 616 3109 annidet,
633 3045 720 3114 fnlpet
738 3043 791 3096 mit
809 3043 862 3096 den
881 3043 1036 3112 Excerpt.
1051 3042 1139 3097 Pith.
1159 3043 1226 3098 oder
1244 3047 1327 3113 albet,

178 3134 264 3201 fnlpet
283 3149 332 3186 aus
351 3131 456 3186 andern
474 3132 591 3187 Glossen
617 3152 651 3186 zu
673 3132 770 3187 lesen!
814 3131 926 3186 Pithoei
946 3131 1107 3201 ‘excerpta'
1127 3151 1155 3201 p.
1175 3139 1207 3187 bl
1233 3142 1326 3202 annet,

179 3224 278 3291 fulget,
302 3222 408 3275 annitet
431 3221 575 3288 exhibent,
599 3221 648 3276 ubi
671 3223 777 3276 annitet
798 3237 904 3275 meram
929 3219 1119 3274 coniecturam
1137 3238 1197 3276 esse
1219 3241 1270 3292 pro
1290 3241 1322 3278 eo

179 3311 253 3381 quod
272 3312 316 3365 cst
334 3314 417 3363 annet
437 3309 601 3376 Oehlerum‚
626 3310 675 3378 qui
698 3327 732 3363 ea
754 3313 787 3365 ut
810 3309 888 3364 varia
911 3309 1049 3379 scriptura
1071 3328 1137 3364 usus
1161 3313 1215 3380 est,
1241 3312 1324 3382 fugit.

180 3403 212 3454 In
235 3399 353 3454 eundem
382 3414 502 3453 errorem
525 3399 694 3468 aliquotiens
717 3399 851 3464 Graevius
878 3399 991 3466 incidit,
1018 3415 1101 3468 quem
1128 3399 1157 3453 in
1184 3401 1259 3455 notis
1287 3403 1324 3454 ad

181 3488 303 3543 ‘Isidori'
325 3488 490 3557 glossarium
509 3488 620 3558 seriptis
641 3488 838 3544 ‘correctiones
851 3487 964 3542 Pithoei
980 3506 1031 3558 pro
1045 3488 1173 3543 lectionis
1187 3489 1324 3544 varietate

179 3577 284 3632 habere
304 3578 332 3631 et
356 3577 493 3632 adducere
512 3578 616 3632 solere'
641 3579 699 3632 iam
718 3578 858 3634 Semlerus
881 3578 943 3633 loco
968 3594 1051 3647 quem
1076 3577 1172 3633 statim
1190 3578 1325 3632 indicabi-

178 3682 239 3720 mus
262 3685 289 3736 p.
316 3672 367 3720 ‘118
395 3684 445 3720 suo
473 3667 533 3721 iure
561 3668 676 3722 monuit.
723 3669 820 3739 Neque
850 3668 940 3722 facere
967 3684 1082 3736 possum
1110 3683 1173 3720 oum
1200 3666 1325 3721 Luciano

178 3753 313 3808 Muellero
339 3751 532 3810 commentarii
557 3755 694 3810 Luciliani
717 3775 744 3826 p.
764 3763 829 3825 275,
859 3755 907 3826 qui
929 3757 1019 3810 bonae
1043 3757 1126 3810 notae
1149 3754 1271 3824 glossam
1294 3756 1324 3808 in

178 3842 221 3897 his
241 3845 379 3914 excerptis
398 3844 546 3915 indagasse
565 3844 620 3898 sibi
642 3845 717 3899 visus
737 3847 792 3900 est:
818 3846 863 3900 ‘in
882 3843 1020 3913 excerptis
1042 3843 1153 3898 Pithoei
1175 3845 1248 3913 quod
1271 3844 1321 3898 tri-

177 3931 273 3986 buitur
290 3951 317 4002 p.
339 3939 372 3987 70
395 3934 511 3987 verbum
534 3935 689 4002 officiperdi
708 3934 832 4003 Catullo,
855 3935 885 3988 id
908 3936 967 3989 aut
989 3934 1030 3987 ad
1052 3931 1321 4003 mimographum

178 4019 351 4076 Catullum
369 4023 584 4077 referendum
604 4025 654 4078 aut
671 4024 765 4094 potius
783 4025 820 4078 ad
834 4025 978 4093 Catonem,
997 4023 1046 4092 qui
1064 4021 1186 4076 disticha
1203 4022 1322 4076 moralia

177 4110 308 4179 scripsit)
347 4112 386 4165 At
404 4128 438 4165 ne
458 4110 520 4179 quis
539 4109 643 4166 Catulli
665 4111 855 4181 mimographi
877 4112 1066 4181 fragmentum
1084 4109 1114 4165 iu
1137 4111 1230 4181 glossa
1248 4127 1320 4179 quae

177 4201 251 4270 apud
282 4199 484 4254 Gothofredum
513 4199 552 4254 sic
579 4200 682 4254 iterata
705 4203 760 4256 est:
797 4200 972 4269 officiperdi
997 4201 1046 4270 qni
1067 4200 1113 4253 sni
1140 4199 1242 4254 laboris
1264 4215 1321 4254 non

176 4289 275 4344 habent
293 4291 535 4344 rememorationem
551 4287 650 4346 Oatnll.
669 4291 758 4343 latere
776 4291 865 4358 putet,
884 4289 1163 4358 vulnerassent
1183 4289 1320 4356 glossam:

176 4379 338 4446 officiperdi,
358 4380 406 4446 qni
423 4380 469 4432 sni
487 4379 588 4432 laboris
606 4396 668 4434 non.
680 4380 777 4433 habeat
795 4379 1042 4432 concamerationem.
1077 4377 1200 4432 Catoni
1218 4392 1321 4445 quoqne

175 4468 307 4526 dicuntur
326 4468 480 4541 officiperdi
498 4467 635 4536 conferat,
660 4485 731 4538 quae
750 4485 784 4522 ex
804 4465 920 4526 Osberni
938 4466 1086 4522 Panormia
1103 4466 1133 4520 in
1150 4466 1208 4522 Mai
1232 4465 1318 4521 Glass.
