3222 5122
648 309 887 374 -341-

197 472 282 536 obici
309 471 442 555 potest?
487 469 580 535 Nihil
609 469 637 533 si
670 469 744 554 quid
779 469 872 534 video
904 471 968 535 nisi
1000 471 1075 556 hoc,
1109 493 1174 536 non
1210 494 1343 558 prorsus

196 581 317 643 certam
341 599 410 642 esse
433 577 585 641 formam:
613 596 735 640 novum
761 575 848 640 illius
878 576 1126 662 significationis
1149 579 1343 646 vocabulum

196 686 298 750 latere
326 683 566 750 concedendum
594 682 734 768 videtur,
767 683 894 767 quando
927 684 1144 750 hariolaretur
1172 687 1227 771 qui
1258 687 1344 752 lusus

196 814 235 856 ex
259 792 332 856 lotar
355 793 545 873 corruptum
569 812 638 854 esse
661 793 800 874 putaret.
846 790 892 855 At
915 812 956 854 ne
980 791 1018 854 de
1042 813 1080 857 eo
1108 793 1250 878 quidem,
1279 814 1341 876 quo
1377 802 1381 810 '

195 899 290 964 modo
315 899 452 962 obscura
480 896 538 961 illa
565 919 627 962 vox
656 898 683 961 si
711 898 943 981 glossariorum
966 898 1154 964 testimonia
1178 900 1343 985 sequimur

196 1005 365 1069 scribenda
397 1003 440 1067 sit
470 1003 596 1068 dubito:
615 996 745 1068 ¹lustros
776 1004 937 1087 scriptura
969 1025 1127 1071 consensu
1158 1007 1277 1091 Papiae
1310 1010 1342 1071 et

197 1112 314 1177 codicis
334 1110 476 1175 Palatini
495 1108 729 1195 infringitur1),
753 1113 786 1174 et
809 1111 885 1194 quid
900 1110 1111 1195 Amploniani
1135 1115 1256 1178 lu÷sus
1279 1114 1342 1178 sibi

195 1219 275 1284 velit
297 1218 463 1282 incertum.
505 1214 592 1282 Satis
621 1238 699 1282 sanc
729 1215 903 1281 audaculus
932 1221 1017 1282 esset
1045 1220 1114 1303 qui,
1142 1224 1180 1284 ut
1207 1224 1341 1304 etymon

194 1325 281 1390 vocis
306 1323 501 1407 enuclearet,
529 1325 615 1388 lusus
642 1323 693 1388 vcl
722 1324 824 1388 lassus
851 1323 1044 1388 vocabulum
1069 1327 1110 1390 ad
1133 1328 1235 1392 ludere
1258 1328 1341 1391 arbi·

193 1435 336 1496 traretur
354 1429 466 1495 eodem
485 1431 580 1496 modo
604 1429 780 1514 pertinere,
794 1451 867 1513 -quo
886 1430 961 1494 dcccl
980 1435 1012 1496 et
1030 1433 1159 1498 decorus
1178 1433 1235 1519 (=
1251 1437 1340 1514 δαήρ,

195 1537 284 1623 levir)
313 1538 472 1602 sanscrita
500 1537 541 1603 ad
563 1539 614 1602 dic
637 1536 792 1620 radicem,
821 1559 901 1620 quae
930 1538 1032 1602 ludere
1060 1540 1235 1624 significat:
1268 1540 1340 1606 vide

196 1645 233 1710 G.
253 1643 401 1710 Curtium
423 1666 454 1727 p.
475 1644 550 1709 217.
915 1659 917 1663 '

283 1751 430 1815 Tertium
457 1772 560 1835 neque
593 1750 627 1813 id
658 1749 765 1813 minus
793 1770 914 1813 novum
945 1749 1009 1814 huc
1037 1754 1182 1833 spectare
1212 1753 1340 1819 videtur

194 1858 388 1923 vocabulum
421 1859 525 1941 muto,
558 1857 745 1941 significans
775 1877 901 1921 acorem
926 1857 996 1938 lilii.
1042 1855 1094 1922 Sic
1122 1859 1208 1922 enim
1240 1861 1340 1925 codex

193 1962 442 2050 Amplonianus2
464 1988 495 2049 p.
514 1964 593 2046 355,
608 1964 664 2028 36:
693 1980 812 2028 nurus:
837 1963 947 2027 bruto
976 1966 1008 2027 et
1031 1963 1226 2048 glossarium
1250 1965 1339 2032 Salo-

194 2073 298 2136 monis
326 2073 347 2136 f.
374 2070 478 2134 143rb
503 2069 746 2154 Vossianusque
773 2068 843 2134 Fol.
868 2070 927 2133 82:
957 2088 1077 2134 nurus:
1100 2092 1179 2136 uuor
1206 2074 1268 2154 filu·
1295 2075 1341 2138 ccl

194 2178 311 2242 bruto.
358 2177 456 2243 Cuius
484 2177 633 2245 vocabuli
658 2198 739 2260 quae
765 2175 849 2240 ratio
874 2176 917 2240 sit
941 2177 1146 2242 extricabunt
1169 2179 1340 2245 doctiores.

193 2285 410 2350 Difficultates
434 2290 533 2370 auget
560 2284 646 2369 quod
674 2284 784 2368 glossa
813 2284 920 2346 exstat
948 2286 982 2347 et
1010 2304 1028 2345 a
1056 2282 1209 2348 lemmate
1238 2288 1270 2349 et
1298 2287 1338 2350 ab
1448 2307 1451 2327 ¹

192 2391 480 2477 interpretamento
505 2392 683 2474 simillima,
707 2413 789 2476 quae
814 2411 887 2455 cum
909 2411 967 2474 per
987 2411 1021 2453 se
1035 2389 1270 2457 'obscurissima
1289 2398 1339 2458 est

193 2502 262 2562 tum
290 2501 375 2585 quod
403 2500 443 2564 ad
470 2499 743 2565 necessitudinem
771 2520 843 2563 cum
871 2497 980 2582 priore
1003 2497 1062 2562 illa
1085 2497 1338 2565 intercedentem

192 2606 311 2671 attinet
333 2629 400 2671 non
423 2608 527 2693 magis
550 2608 657 2691 plana.
703 2607 772 2671 Est
788 2610 898 2671 autem
920 2605 1014 2672 haec:

302 2723 305 2727 ’
648 2715 770 2780 aurici:
795 2714 878 2778 bruti

281 2818 399 2887 glossar.
419 2817 575 2872 Salomonis
594 2817 612 2872 f.
633 2819 737 2884 13grb3
757 2817 817 2872 cod.
837 2815 989 2870 Vossianus
1007 2815 1067 2869 Fol.
1082 2821 1129 2882 823
1148 2815 1257 2885 glossae
1278 2817 1337 2872 ‘Isi-

281 2906 352 2960 dori’
373 2925 400 2975 p.
420 2911 480 2974 ssu,
495 2913 537 2962 46.

659 2984 866 3064 QVASSVM

190 3083 355 3151 Notabilis
379 3087 536 3152 memoria
557 3088 652 3153 haec:

576 3210 771 3276 pelassumt
795 3193 943 3275 quomodo

165 3284 168 3288 ⁵
279 3296 338 3352 cod.
354 3295 497 3351 Leidensis
513 3298 586 3352 675ι
604 3299 623 3352 f.
639 3304 730 3364 44Va3
753 3297 811 3352 Mai
825 3298 863 3351 Vl
881 3315 908 3366 p.
924 3297 999 3350 5421]
1019 3296 1157 3366 (quassum
1177 3298 1336 3367 quomodop,

279 3386 338 3438 cod.
353 3386 570 3454 Amplonianus²
588 3387 661 3440 ined.
680 3407 707 3457 p.
723 3393 783 3456 370,
794 3393 845 3440 213
866 3385 1029 3454 (quorsum)3
1050 3385 1337 3455 cod.Amplonianus¹

279 3493 307 3544 p.
326 3482 436 3545 369,19
456 3477 605 3546 (quusum);
623 3475 682 3528 Mai
695 3475 735 3528 Vl
753 3493 780 3542 p.
797 3475 885 3541 542b3
908 3473 967 3529 cod.
987 3473 1114 3528 Ambros.
1133 3474 1156 3526 B
1171 3481 1204 3528 36
1224 3475 1272 3530 inf.

112 3641 115 3660 1
191 3567 274 3642 Quid
294 3566 478 3631 faciendum
496 3587 642 3648 quassum
663 3567 831 3631 lemmati?
851 3564 934 3629 Vide
951 3585 1029 3627 num
1046 3585 1063 3626 e
1079 3585 1262 3646 percuersum
1280 3589 1337 3630 nc·

189 3676 259 3735 tum
275 3672 317 3736 sit
330 3669 510 3757 quorsumss)
530 3676 563 3736 ct
576 3695 594 3736 r
607 3673 718 3736 littera
733 3672 914 3736 assimilata
927 3690 1081 3753 quassum.
1109 3670 1140 3736 N
1143 3692 1184 3735 on
1199 3671 1336 3737 offendit

191 3782 300 3842 autem
322 3779 469 3860 quomodo
492 3779 837 3863 interpretamentum·
854 3798 926 3840 cum
949 3797 1081 3860 prorsus
1105 3777 1184 3841 item
1209 3800 1335 3862 compa·

190 3889 262 3950 rata
285 3885 328 3949 sit
351 3885 461 3969 glossa
483 3901 648 3966 quorsumt
672 3905 730 3966 quo
752 3904 859 3967 usque,
886 3904 954 3966 quo
975 3889 1089 3965 puoto
1117 3884 1237 3971 codicis
1260 3884 1336 3949 Ber-

189 3992 299 4056 nensis
314 3991 378 4056 357
398 3991 420 4056 f.
434 3993 529 4070 21²1),
548 4014 611 4076 quo
629 3991 664 4055 in
683 3991 791 4055 codice
810 3990 909 4054 etiam
927 3991 1035 4074 ipsum
1053 3990 1137 4055 illud
1153 4012 1335 4074 conversum

189 4098 290 4162 habes
311 4095 474 4185 (ibidemlz
497 4115 663 4180 quorsum:
683 4117 913 4180 quucersunc,
932 4098 967 4162 tu
984 4118 1079 4180 quum
1093 4103 1223 4180 purtem.
1256 4099 1334 4180 Quo

189 4225 309 4270 uersum
333 4209 365 4268 et
387 4226 570 4287 quuccrsum
593 4206 677 4270 sicut
699 4205 801 4286 quoad
822 4207 855 4268 et
878 4205 990 4286 quood.
1276 4205 1277 4210 ’

264 4364 282 4431 ¹)
303 4363 438 4433 Scaligeri
456 4363 565 4434 glossae
584 4361 720 4418 Arabicae
739 4379 773 4417 cx
791 4362 863 4416 libro
882 4361 1037 4431 glossarum
1056 4360 1199 4418 derivatae
1218 4364 1290 4418 sunt.

263 4455 282 4522 ²)
302 4453 341 4508 Ut
357 4453 487 4524 quorsum
506 4470 539 4508 ex
556 4468 722 4524 caucasum.
