3192 5126
710 339 954 403 -412-

259 498 411 564 verimus.
457 485 727 565 Proficiscendum
759 502 809 565 est
836 503 945 564 autem
978 501 1019 563 ab
1049 497 1200 563 ‘Isidori'
1233 499 1344 583 glossa
1377 521 1409 582 p.

255 606 334 696 Ι682,
358 608 416 671 24:
446 607 600 690 lrippr'tare
613 605 658 694 1)ι
682 608 823 689 oscitare,
845 606 997 685 dedere,
1021 606 1110 671 euius
1133 607 1285 672 ultimum
1313 629 1409 672 voca-

258 713 373 776 bulum
402 705 548 798 plerique
580 713 619 778 de
648 712 871 778 emendatione
903 714 1111 796 desperantes
1144 715 1304 797 intactum
1332 713 1407 778 reli-

259 823 406 903 querunt.
451 821 497 885 At
521 820 698 904 Semlerus,
720 820 776 904 qui
800 841 873 884 raro
896 820 1101 905 desperabat,
1125 821 1239 886 dedere
1263 822 1298 886 in
1320 821 1410 885 tiore

260 928 448 992 mutandum
467 927 651 1012 proposuit:
674 950 726 992 me
745 911 894 1011 equidem
912 949 978 992 non
996 928 1156 1012 plausere.
1189 928 1293 994 Hiare
1311 928 1408 1011 enim,

259 1034 391 1098 verbum
410 1034 630 1117 tritissimum,
653 1055 719 1099 non
737 1032 832 1098 facile
851 1035 1035 1117 putaverim
1058 1034 1209 1100 librarios
1228 1019 1294 1099 hoc
1309 1035 1407 1099 modo

260 1143 450 1224 corrupisse.
495 1139 620 1205 Eadem
649 1140 688 1204 de
716 1141 843 1205 ratione
871 1140 1019 1224 improbo
1044 1142 1262 1207 coniecturam
1285 1141 1404 1206 Deuer·

258 1247 367 1331 lingii,
400 1247 455 1331 qui
482 1269 584 1330 nuper
613 1248 653 1312 ad
679 1245 847 1311 Placidum
874 1270 905 1330 p.
928 1248 986 1336 42,
1010 1249 1029 1313 6
1056 1247 1164 1312 balare
1191 1249 1225 1314 in
1252 1249 1311 1313 illa
1339 1271 1408 1314 cor-

259 1354 386 1437 ruptela
408 1355 509 1418 latere
529 1354 711 1438 suspicatus
731 1357 788 1418 est.
820 1354 933 1437 Itaque
952 1353 1080 1418 reiectis
1099 1353 1151 1416 his
1170 1354 1404 1419 tentaminibus

152 1533 155 1538 Ι
258 1461 344 1525 haud
364 1464 554 1526 cunctanter
572 1459 742 1525 scribimus
766 1460 939 1542 lrippitaret
957 1461 1092 1543 oscitare,
1111 1461 1310 1526 bataetare.
1341 1461 1407 1526 Es-

254 1566 345 1636 ,stiur
364 1567 449 1632 enim
469 1567 623 1633 bataetare
641 1566 773 1632 verbum
792 1567 888 1645 biara,
906 1567 1034 1632 oscitare
1051 1565 1237 1651 significans
1252 1570 1407 1652 quattuor

260 1673 378 1757 glossis
402 1675 541 1739 testibus
565 1674 670 1740 hisce:

532 1781 686 1864 trppitare
704 1799 715 1848 ε
735 1782 874 1860 oscitare,
901 1778 1127 1867 batactare²)

257 1890 346 1953 Haec
368 1891 439 1974 ipsa
463 1912 501 1954 ea
520 1893 582 1974 est,
612 1891 651 1954 de
677 1912 740 1974 qua
758 1912 843 1954 nunc
863 1891 1001 1975 agimus.
1048 1888 1228 1953 Emendavi
1253 1911 1269 1951 e
1294 1885 1404 1952 codice

259 1996 407 2061 leidensi
428 1996 520 2061 67F¹
544 1998 565 2061 f.
585 1998 680 2080 29¹0,
707 1997 763 2061 ubi
787 1998 826 2062 ba
849 2004 881 2062 ta
903 1998 986 2064 clare
1009 1996 1118 2060 habes.
1162 1993 1251 2058 Idem
1275 1994 1359 2058 liber
1383 1995 1407 2058 f.

259 2103 344 2168 39‘a
365 2107 518 2170 essitarer
538 2105 730 2169 bataelare
754 2104 892 2170 exhibet.
939 2104 1049 2168 Tertia
1072 2107 1122 2168 est
1145 2103 1302 2168 oscitatioz
1321 2101 1406 2165 bata-

258 2211 348 2274 eiatie
377 2211 495 2276 codicis
519 2211 674 2276 Vossiani
697 2210 767 2274 Fal.
791 2213 847 2295 82,
879 2211 945 2276 sive
973 2212 1138 2276 oscitatio:
1169 2209 1332 2274 detestatio
1360 2209 1408 2272 ael

258 2320 419 2403 marratio,
448 2319 476 2383 si
500 2319 696 2405 glossarium
723 2315 938 2403 Salomonisl)
968 2317 1058 2401 sequi
1085 2306 1248 2381 malueris.
1290 2314 1408 2379 Restat

354 2513 372 2580 ¹)
392 2511 582 2567 Memorabilis
597 2511 786 2582 discrepantia
804 2511 878 2566 inter
892 2510 973 2566 Pauli
987 2511 1100 2564 Festum
1115 2511 1144 2563 et
1158 2511 1252 2564 cetera
1270 2507 1407 2578 glossaria

260 2599 426 2657 intercedit·
456 2602 524 2656 Cum
543 2602 616 2656 enim
635 2601 739 2684 Paulus
757 2607 882 2670 p.101,7
902 2600 972 2654 haee
990 2598 1098 2652 tradat:
1117 2597 1266 2666 bippaeare
1284 2602 1322 2650 est
1340 2599 1404 2651 cele·

259 2691 327 2743 riter
346 2692 467 2746 ariniara
486 2693 594 2757 iacere,
618 2691 652 2744 ab
672 2691 733 2760 eqni
750 2691 854 2755 hatita,
873 2690 922 2758 qai
940 2693 978 2742 est
996 2704 1083 2756 capra
1101 2687 1210 2739 mertare
1229 2691 1338 2751 matus,
1357 2686 1407 2739 ubi

175 2927 177 2932 ,
259 2869 397 2937 lrippitare
415 2868 509 2938 potins
529 2869 675 2938 exhibent,
695 2886 767 2938 quae
786 2868 898 2937 quidem
918 2866 1056 2936 scriptura
1071 2883 1103 2920 eo
1122 2863 1257 2934 gravioris
1276 2865 1319 2917 est
1337 2879 1406 2931 pon-

260 2956 344 3025 deris,
372 2958 447 3026 quod
466 2959 555 3014 tribus
579 2958 680 3030 glossis
702 2958 802 3014 nititur
825 2957 898 3012 inter
922 2974 950 3011 se
973 2972 1085 3025 prorsus
1108 2952 1297 3008 dissimilibus.
1335 2952 1408 3028 Sunt

260 3049 354 3101 autern
372 3048 454 3102 haec:
474 3049 631 3118 bippitarer
651 3049 779 3114 oscitare,
798 3047 935 3102 bataclare
955 3048 990 3112 (v.
1007 3044 1113 3114 supra);
1132 3043 1304 3111 eaippitare:
1319 3041 1407 3107 hiare,

260 3137 375 3191 oscitare
394 3138 542 3204 (vocabula
559 3137 670 3191 rariora
687 3155 714 3206 p.
730 3143 794 3204 699,
810 3142 857 3190 41:
877 3137 951 3204 rare)
971 3134 1016 3189 vel
1034 3135 1120 3200 biara,
1138 3133 1169 3186 id
1187 3136 1224 3186 est
1243 3147 1272 3194 os
1290 3131 1407 3198 aperire,

260 3227 375 3279 oscitare
393 3226 462 3294 (Mai
472 3226 523 3278 Vll
542 3244 568 3295 p.
585 3226 685 3296 560b);
706 3226 929 3294 eaippitaadaar:
950 3224 1095 3290 litandam,
1114 3221 1284 3276 oscitantiam
1304 3218 1406 3287 (Placi-

261 3313 470 3384 mem

334 3401 354 3470 2)
373 3403 479 3458 Eadem
498 3405 593 3474 glossa
610 3403 737 3460 breviata
753 3403 784 3456 in
803 3403 897 3458 codiee
916 3401 1047 3456 Leidensi
1066 3399 1131 3454 67Ε
1150 3398 1169 3453 f.
1190 3403 1258 3452 31¹a
1276 3395 1342 3450 talis
1361 3414 1406 3450 cx-

261 3493 330 3546 stat:
358 3493 512 3548 besciterer
533 3495 661 3559 oscitare,
686 3510 749 3546 enm
773 3493 819 3547 vel
845 3491 911 3545 ordo
939 3489 1096 3544 litterarum
1119 3488 1247 3541 biscitare
1269 3486 1407 3554 postulet;

261 3580 403 3648 praecedit
418 3580 491 3636 eninr
509 3583 637 3639 ‘triberis’
655 3581 781 3650 sequitur
797 3579 933 3650 ‘birogis‘.
959 3578 1100 3632 Hiseitare
1115 3577 1211 3630 autem
1224 3574 1254 3628 in
1267 3575 1408 3643 lrippe'tare

261 3669 427 3723 mutandum
445 3672 494 3724 est.
548 3660 549 3664 ¹

335 3756 355 3824 ⁸)
384 3757 426 3812 lbi
448 3757 582 3828 scriptum
606 3762 648 3814 est
671 3761 824 3829 bataptacia
852 3760 892 3812 aet
918 3756 1074 3811 easmatied.
1121 3755 1207 3808 Recte
1234 3754 1328 3807 autern
1356 3771 1407 3807 nos

262 3847 393 3901 easmatie
421 3848 584 3903 emendasse
612 3866 667 3903 non
693 3837 810 3903 difficile
839 3849 881 3902 est
908 3846 944 3900 ad
972 3843 1226 3900 demonstrandum.
1276 3844 1407 3910 Namque

262 3938 373 4005 praeter
401 3937 539 3992 detestare
564 3937 649 3992 etiam
678 3954 798 3992 easmare
823 3953 872 4005 pro
897 3937 1012 3990 oscitare
1034 3933 1119 3988 verbo
1142 3932 1243 4001 vulgas
1266 3932 1406 3986 utebatur.

262 4025 442 4094 Interpretati
461 4029 526 4081 sunt
545 4026 619 4080 enim
638 4025 832 4096 glossographi
850 4024 879 4078 in
898 4025 971 4078 huno
990 4022 1114 4077 modurn:
1134 4022 1266 4076 oscitaret
1285 4037 1408 4076 emerere
1485 4033 1499 4060 ⁹

263 4115 333 4181 (cod.
347 4114 498 4170 Vossianus
516 4116 574 4170 Fal.
591 4121 649 4185 82);
669 4116 813 4170 oscitavit:
833 4114 964 4168 casraaer't
983 4113 1053 4182 (cod.
1069 4111 1283 4181 Amplonianus¹
1302 4129 1328 4180 p.
1338 4115 1407 4176 -357,

266 4210 328 4259 128:
357 4205 517 4271 erasrnaait3
545 4204 604 4258 ced.
623 4202 839 4272 Amplonianas²
861 4221 888 4272 p.
908 4207 969 4270 358,
989 4209 1034 4256 68:
1058 4201 1226 4270 scasmaeit);
1255 4200 1407 4254 cremarit:

263 4293 388 4347 oscitavit
414 4292 484 4359 (cod.
508 4291 724 4362 Amplonianus²
746 4311 773 4360 p.
793 4297 859 4360 286,
878 4293 931 4360 30).
971 4290 1073 4346 Oblata
1099 4287 1152 4346 hae
1179 4288 1323 4346 occasione
1350 4305 1408 4341 non

263 4383 313 4435 abs
341 4398 371 4435 re
399 4381 509 4437 videtur
532 4379 716 4436 Hildebrandi
739 4399 766 4448 p.
788 4387 846 4446 161,
861 4385 894 4433 48
920 4380 1046 4434 tientes:
1071 4379 1233 4446 ampliantes
1259 4375 1408 4444 explicare.

265 4470 436 4540 Ampliarrtes
450 4470 524 4526 enim
542 4469 613 4526 illud
631 4469 768 4526 noluerim
783 4470 899 4539 mutare,
919 4486 982 4526 eum
997 4485 1026 4524 es
1039 4467 1225 4538 supplendum
1239 4482 1299 4519 esse
1312 4463 1408 4522 uidea-

259 2780 409 2848 lrippacare
436 2779 526 2833 forma
548 2778 611 2848 ipso
634 2778 884 2848 interpretamento
908 2776 1062 2845 stabilitur,
1091 2775 1182 2830 lantes
1204 2773 1292 2828 nostri
1311 2791 1406 2827 omnes

1586 3965 1587 4012 l

1586 4023 1587 4063 l

1586 4365 1587 4428 l
