3178 5122
703 332 922 397 ..53-

242 491 306 555 alia
330 492 472 556 eiusdem
496 492 625 577 glossae
650 491 806 554 memoria
829 491 909 554 item
928 492 1100 573 comparet.
1132 487 1277 554 Dubium
1300 488 1386 554 enim

242 619 395 663 essenon
413 601 524 680 potest
542 597 620 682 quin
634 594 794 682 Scaligeri
812 619 842 680 p.
857 595 986 679 671,45
1005 595 1116 680 glossa
1135 595 1299 659 hortanae:
1318 599 1387 659 bete

240 705 411 788 manualis,
435 727 474 768 ex
497 704 564 769 cod.
587 702 736 768 Leidensi
755 701 829 767 le
853 701 875 765 f.
892 703 978 766 ssve
1000 701 1138 766 bortomt
1163 706 1233 766 tecte
1254 721 1386 766 mana·

241 812 281 877 lis
297 811 417 876 hausta
424 810 458 898 l),
477 811 589 876 eadem
608 812 661 896 sit,
680 812 834 876 lemmate
852 813 982 874 tantum
997 808 1093 873 modo
1112 807 1205 873 foede
1224 809 1387 889 corrupto,

240 918 287 982 ita
313 923 350 983 ut
376 940 497 983 novum
521 918 643 982 habeas
673 918 740 982 eius
769 917 906 981 rationis
935 915 1117 998 exemplum
1141 914 1179 979 de
1203 936 1268 998 qua
1289 935 1388 996 supra

240 1026 366 1109 egimus
389 1048 420 1109 p.
447 1026 486 1090 18
498 1047 566 1110 sqq.
612 1023 749 1089 Prorsus
783 1025 870 1088 enim
897 1045 1029 1107 operam
1056 1021 1234 1106 perdidisse
1262 1041 1386 1103 censeo,

240 1132 296 1217 qui
317 1154 377 1215 pro
401 1132 540 1196 baama
558 1127 620 1217 (sic
634 1131 774 1196 fontium
793 1131 948 1214 pleraque
961 1151 1038 1214 pars
1054 1126 1198 1216 exhibet)
1220 1128 1387 1192 ebertanae

240 1235 412 1323 (Scaliger)
446 1238 513 1303 sive
539 1242 694 1319 portulaca
721 1234 925 1323 (ianssonius
961 1237 1002 1301 ab
1035 1234 1246 1301 Almeloveen
1272 1256 1302 1317 p.
1326 1233 1387 1298 ba:

235 1348 388 1426 portensa
420 1349 508 1422 77377,
540 1345 700 1410 marculis
732 1342 925 1438 Gebhardus
956 1340 1115 1426 Crepund.
1138 1340 1259 1424 11,12,
1293 1361 1387 1424 quem

240 1449 411 1533 exscripsit
434 1451 472 1514 de
496 1450 530 1514 la
549 1449 653 1515 Corda
671 1473 701 1534 p.
717 1451 791 1534 335,
806 1449 886 1536 407)
911 1449 1116 1514 scribendum
1139 1450 1387 1531 proposuerunt.

659 1627 816 1693 Batioca:
840 1631 954 1712 patera

328 1792 359 1853 p.
380 1771 454 1854 670,
470 1771 511 1836 37
537 1793 575 1835 ex
599 1770 667 1836 cod.
682 1770 844 1836 Vossiano
863 1769 931 1834 Fol.
947 1769 1003 1834 82:
1027 1769 1137 1854 glossa
1159 1773 1209 1833 est
1227 1767 1387 1833 Plautina.
1445 1837 1450 1848 ,

240 1874 339 1940 Plura
362 1899 390 1942 v.
414 1877 508 1942 infra.

518 2053 688 2120 Batinius:
712 2055 866 2133 rusticus,
891 2053 1097 2140 agricolanus

329 2220 360 2280 p.
379 2198 524 2281 670,19:
547 2197 657 2262 hausit
677 2197 822 2282 Scaliger
846 2220 884 2261 ex
899 2198 1044 2263 Osberno
1067 2219 1098 2281 p.
1114 2197 1183 2262 757)
1207 2198 1387 2262 helimas:

241 2305 421 2388 77377778,
447 2305 704 2389 auricomans,
732 2307 886 2388 7977177773,
908 2305 1053 2369 merboto.
1085 2303 1160 2368 Dici
1177 2305 1292 2389 nequit
1309 2305 1389 2387 quot

241 2411 355 2474 turbas
377 2411 459 2475 haec
478 2411 589 2496 glossa
608 2412 807 2477 excitaverit.
841 2411 910 2475 Alii
930 2411 1017 2475 enim
1031 2411 1282 2476 Vatinianorum
1296 2432 1388 2475 vaso·

241 2540 313 2581 rum
337 2517 459 2602 aliquid
484 2520 617 2584 subesse
641 2519 798 2603 suspicati
822 2522 898 2582 sunt
918 2516 1090 2604 (Oehlerus
1109 2540 1140 2600 p.
1154 2517 1220 2581 234
1243 2517 1318 2582 coll.
1335 2516 1388 2580 Du

243 2622 360 2710 (langii
378 2625 491 2710 glossa
507 2628 690 2692 catiniano:
709 2647 785 2691 caso
803 2622 1169 2711 rusticissimam),
1187 2625 1244 2690 alii
1257 2624 1389 2706 bacino-

242 2755 315 2796 rum
334 2731 387 2819 (cf.
401 2731 454 2798 Du
470 2733 630 2819 Congium
649 2757 677 2798 v.
692 2731 846 2817 bamaaslz
871 2734 927 2799 alii
943 2771 982 2780 —
999 2755 1137 2819 quorum
1155 2731 1388 2797 hariolationes

243 2861 281 2904 ex
303 2840 436 2905 Arevali
459 2841 668 2906 adnotatione
692 2842 773 2926 petii
798 2877 839 2887 -
865 2841 1063 2924 scripserrmt
1086 2840 1223 2904 baliolas
1245 2835 1280 2923 (a
1305 2838 1389 2903 talia

244 2947 312 3010 sive
331 2948 428 3012 hallia
441 2980 483 3002 =
500 2948 679 3033 ‘praedium
693 2947 863 3013 rusticum'
881 2945 1089 3034 derivatum);
1109 2947 1165 3011 alii
1178 2947 1390 3029 bataapcrias

243 3051 313 3138 (qui
336 3056 484 3137 caperrat
505 3053 644 3142 hestecs);
677 3057 732 3120 alii
758 3058 906 3139 madeas
933 3051 1003 3141 (qui
1024 3056 1183 3138 pastinat,
1209 3053 1241 3118 h.
1265 3075 1390 3118 arura

244 3157 344 3246 colit).
391 3159 453 3225 Sed
476 3161 559 3251 nihil
583 3163 702 3226 mirum
726 3164 813 3248 quod
839 3161 994 3228 hariolati
1022 3165 1098 3226 sunt
1124 3162 1160 3225 in
1189 3161 1390 3226 emendanda

243 3281 331 3352 voce,
350 3268 440 3333 cuius
455 3272 568 3333 auctor
583 3269 729 3334 omnium
746 3269 984 3335 hariolatorum
1001 3268 1065 3332 fuit
1082 3268 1390 3351 impudentissimus.

244 3373 383 3438 Osberni
406 3377 492 3440 enim
513 3377 633 3440 lemma
656 3377 793 3441 battutas
816 3377 883 3440 sive
906 3377 1042 3441 batimus
1058 3374 1175 3440 nititur
1193 3373 1314 3458 Papiae
1338 3375 1390 3439 vel

244 3482 326 3546 alius
360 3482 527 3548 cuiusdam
559 3484 635 3547 libri
667 3485 850 3568 glossarum
888 3485 1049 3569 epitomae
1087 3483 1198 3568 glossa
1234 3481 1390 3547 7777777737

244 3589 389 3654 rusticas:
419 3592 516 3674 atque
538 3590 619 3655 haec
643 3591 772 3675 quidem
797 3590 891 3654 fluxit
914 3613 953 3655 ex
982 3592 1135 3673 corrupta
1161 3589 1221 3654 illa
1248 3588 1390 3653 eiusdem

245 3693 332 3758 ‘libri
354 3693 581 3784 glossarum'2)
605 3697 762 3762 memoria
778 3697 941 3761 daconis:
960 3696 1099 3779 rusticis,
1117 3695 1229 3760 staltis.
1266 3695 1390 3760 Eadem

245 3801 356 3887 glossa
369 3839 414 3849 -
426 3801 587 3888 Plautina,
609 3807 646 3868 ut
664 3802 750 3868 infra
773 3803 1048 3867 demonstrabitur
1068 3837 1110 3848 -—
1131 3801 1209 3865 alibi
1231 3823 1299 3868 non
1322 3824 1390 3868 cor·

244 3912 342 3993 rupta
364 3908 485 3973 tradita
509 3913 558 3974 est
580 3909 740 3975 tracones:
764 3910 885 3993 7737777,
907 3910 1004 3976 stulti.
1112 3963 1115 3970 .

320 4102 340 4171 ¹)
365 4100 405 4158 07.
424 4103 581 4170 praeterea:
606 4103 749 4157 hortamur
769 4107 838 4157 tecta
862 4103 1002 4170 manualis
1025 4102 1116 4172 (Bern.
1136 4107 1189 4156 224
1211 4101 1230 4157 f.
1250 4108 1344 4157 awa
1362 4106 1391 4158 et

245 4189 372 4261 Papias);
390 4193 514 4246 bodoma
528 4197 545 4246 7.
560 4193 705 4247 manualia
719 4192 787 4260 (Mai
797 4191 835 4255 VI
849 4192 987 4260 p.511b);
1007 4192 1136 4245 bononia
1149 4195 1167 4246 7.
1182 4193 1305 4246 ecanae
1318 4194 1389 4262 (cod.

245 4279 395 4334 Vossianus
413 4279 547 4349 n01.24);
567 4281 691 4335 bortama
709 4286 774 4335 tecte
791 4281 933 4335 manuales
951 4279 1046 4349 (gloss.
1067 4279 1247 4348 Salomonis).¹

319 4367 339 4436 ⁹)
363 4367 404 4423 07.
423 4367 481 4422 Mai
499 4368 551 4422 VII
568 4387 596 4438 p.
612 4371 701 4437 552b3
720 4372 781 4425 cod.
795 4371 925 4424 Beruens.
946 4376 979 4424 16
997 4369 1016 4424 f.
1037 4375 1120 4436 511a3
1139 4369 1197 4423 Mai
1215 4368 1254 4424 VI
1272 4387 1299 4440 p.
1315 4372 1390 4426 510b

247 4455 373 4524 (bacauda
390 4458 523 4526 rusticas,
541 4456 613 4512 nihil
630 4459 798 4527 praeterea);
818 4457 877 4513 cod.
896 4457 1024 4512 Bemens.
1047 4462 1096 4510 178
1115 4457 1134 4511 f.
1151 4463 1234 4512 lava.
