3178 5122
674 340 895 403 ...37-

212 499 317 564 adhuc
338 499 405 562 fere
425 499 546 582 scripta
565 501 640 564 sunt
653 537 697 545 —
711 521 815 584 neque
840 522 890 583 ea,
913 504 950 565 ut
972 500 1072 565 libere
1096 501 1251 584 profitear
1274 500 1359 584 quod

211 605 329 690 sentio,
360 608 449 672 certa
476 605 515 669 de
543 628 640 670 causa
667 607 734 672 ullo
763 607 860 671 modo
888 606 1054 671 sufficiunt
1080 643 1117 653 -
1143 629 1220 690 prae
1244 607 1359 672 ceteris

210 713 305 778 video
333 713 372 776 de
399 711 514 776 harum
543 713 728 796 glossarum
756 716 913 777 auctore
942 713 1104 797 agendum
1127 735 1206 780 esse.
1251 712 1359 799 Atque

210 823 247 885 ut
274 820 360 904 quod
388 840 500 884 verum
527 823 577 884 est
604 819 717 884 statim
744 819 861 883 dicam:
891 840 958 883 non
985 819 1159 884 Isidorus
1188 821 1358 905 episcopus

209 924 415 1009 Hispalensis
444 928 557 990 auctor
584 929 646 1010 ast,
678 925 734 990 sed
760 923 918 1009 Iosephus
946 925 1055 990 Iustus
1087 925 1276 1011 Scaliger,
1304 927 1359 1012 qui

210 1055 263 1096 eas
294 1055 333 1096 ex
360 1031 459 1096 variis
492 1032 674 1117 glossariis,
707 1053 788 1116 quae
817 1031 995 1096 etiamnum
1023 1053 1062 1096 ex
1090 1036 1182 1115 parte
1209 1032 1357 1117 indagari

209 1142 361 1223 possunt,
392 1139 528 1202 haustas
560 1137 750 1222 composuit.
795 1138 974 1220 Excerptas
1006 1140 1150 1222 tantum,
1186 1161 1252 1202 non
1284 1160 1358 1203 con-

209 1248 318 1312 tinuas
350 1246 446 1311 unius
480 1245 624 1330 corporis
654 1244 780 1328 glossas
814 1265 883 1308 esse
913 1245 1076 1322 neminem
1105 1244 1159 1327 qui
1191 1238 1291 1328 prdbe
1324 1245 1360 1309 in

209 1376 262 1418 cas
286 1351 489 1437 inquisiverit
512 1355 545 1416 et
569 1352 750 1436 glossarum
765 1351 910 1416 codicum
929 1351 1240 1435 manuscriptorum
1263 1352 1359 1416 ratio·

206 1482 282 1524 nem
304 1460 456 1524 habuerit
478 1459 590 1543 fugere
613 1460 741 1543 poterit.
774 1458 892 1523 Mirum
916 1458 1001 1522 enim
1020 1459 1055 1523 in
1076 1457 1215 1524 ‘Isidori'
1239 1459 1358 1544 glossis

206 1567 286 1631 illud
310 1570 374 1650 est,
398 1565 484 1660 quod
507 1565 654 1649 vulgares
678 1567 805 1650 glossae
823 1565 1007 1630 rarissimae
1026 1570 1116 1650 sunt,
1140 1567 1229 1632 cuius
1248 1571 1359 1630 tamen

208 1673 334 1758 generis
356 1671 392 1736 in
409 1672 499 1736 nullo
518 1672 585 1736 fere
604 1671 765 1756 glossario
785 1671 947 1736 codicibus
966 1693 1065 1735 manu
1085 1671 1213 1754 scriptis
1235 1672 1357 1737 tradito

208 1781 334 1844 desunt
367 1777 481 1862 Neque
496 1779 602 1842 minus
617 1778 750 1861 mirum,
772 1777 858 1862 quod
873 1777 1004 1842 caedem
1023 1778 1154 1861 glossae
1170 1779 1358 1862 saepissime

207 1887 257 1951 bis
281 1888 332 1951 vel
355 1886 435 1950 adeo
465 1889 515 1950 ter
542 1890 685 1950 exstant:
717 1888 813 1968 atque
841 1907 881 1948 ne
908 1883 988 1949 illud
1016 1883 1145 1970 quidem
1171 1921 1208 1931 —
1235 1886 1358 1950 utalia

207 2015 292 2058 nunc
311 1993 439 2056 mittam
461 2029 503 2039 —-
527 1992 687 2058 offendere
711 2013 778 2055 non
799 1993 922 2074 potest,
945 1990 1031 2074 quod
1053 2012 1119 2056 non
1141 2013 1216 2056 raro
1240 1993 1358 2058 discre-

205 2103 321 2184 pantes
352 2100 529 2181 scripturae
561 2097 758 2180 indicantur‚
787 2096 875 2160 velut
897 2118 927 2178 p.
952 2095 1030 2180 672,
1054 2095 1096 2160 53
1125 2095 1216 2161 ‘alibi
1243 2097 1356 2181 igitur'

206 2204 253 2292 (id
276 2208 326 2269 est
350 2205 440 2270 ‘alibi
463 2201 623 2290 logicur’);
646 2227 676 2288 p.
693 2203 767 2286 694,
782 2203 823 2266 37
847 2200 966 2284 ‘alias'3
989 2224 1020 2284 p.
1040 2202 1115 2286 696,
1129 2203 1173 2266 44
1197 2201 1242 2267 ‘in
1261 2204 1356 2272 aliis'.
1453 2229 1459 2234 ·

205 2311 313 2397 Atque
327 2333 362 2375 re
375 2333 452 2375 vera
467 2311 665 2376 collectanea
679 2331 748 2374 esse
763 2330 802 2374 ex
816 2308 915 2374 variis
931 2309 1098 2393 glossariis
1118 2305 1270 2393 excerpta
1283 2333 1356 2376 cum

207 2441 245 2484 ex
259 2418 411 2484 Vulcanii
437 2418 542 2483 verbis
568 2415 742 2482 ‘notarum'
765 2439 796 2499 p.
811 2415 867 2480 91:
892 2414 1033 2499 ‘praeter
1056 2415 1157 2482 libros
1177 2417 1356 2504 Originum,

205 2549 286 2610 quos
319 2527 396 2591 olim
430 2525 558 2610 scripsit
587 2523 731 2589 Isidorus
759 2521 964 2606 Hispalensis
991 2522 1190 2609 Episcopus,
1222 2525 1355 2592 circum·

203 2634 353 2699 feruntur
385 2635 483 2698 etiam
517 2631 666 2715 Glossae,
698 2635 767 2695 tum
800 2630 917 2714 ipsius,
949 2634 1019 2694 tum
1053 2631 1205 2715 aliorum,
1237 2633 1353 2715 quibus

202 2745 311 2806 tamen
334 2740 479 2806 authoris
503 2740 552 2804 sui
574 2759 694 2803 nomen
716 2743 785 2802 non'
806 2741 855 2801 est
879 2737 1085 2821 adscriptum.
1122 2737 1198 2803 Eas
1222 2760 1350 2804 omnes

204 2851 399 2932 quotquot
416 2847 592 2912 nancisci
615 2845 725 2930 potui
749 2845 906 2930 collegi,
925 2849 958 2910 et
976 2866 1042 2909 non
1060 2867 1179 2929 paucas
1195 2868 1234 2910 ex
1248 2865 1353 2911 exem-

203 2956 288 3040 plari
325 2956 415 3021 cuius
452 2955 532 3019 mihi
568 2953 696 3037 copiam
732 2952 810 3018 fecit
843 2952 896 3016 Ill.
923 2950 985 3016 Vir
1016 2950 1179 3036 Josephus
1212 2951 1357 3037 Scaliger

204 3063 388 3146 emendavi,
412 3063 446 3126 in
468 3061 581 3126 multis
605 3059 790 3126 coniectura
811 3081 884 3124 mea
907 3057 996 3123 usus'
1020 3058 1093 3124 coll.
1116 3081 1147 3142 p.
1168 3061 1230 3124 103
1246 3060 1355 3148 sqq.¹),

202 3171 273 3232 turn
302 3191 341 3233 ex
370 3167 527 3254 ScaIIgeri
554 3168 589 3232 In
613 3165 855 3251 ‘Scaligeranis'
882 3165 1067 3249 GronIngae
1091 3189 1119 3230 a.
1145 3167 1229 3238 1669
1260 3167 1355 3233 editis

202 3274 280 3359 Hp.
296 3276 377 3340 125:
400 3274 529 3341 ‘Isidori
552 3275 682 3359 glossae
705 3271 944 3338 inVulcanii
969 3271 1140 3337 editione
1165 3273 1221 3338 sic
1243 3297 1354 3339 voca-

201 3387 277 3468 tae,
299 3383 377 3467 quia
400 3405 444 3448 ex
467 3383 603 3447 multis
628 3380 836 3465 glossariis
860 3400 944 3443 cum
968 3380 1047 3444 sint
1075 3379 1265 3444 collectae
1288 3382 1355 3464 plc-

201 3511 300 3574 raque
323 3512 399 3574 pars
423 3490 467 3554 sit
492 3485 658 3573 Isidori’2)
687 3488 807 3552 dudum
830 3486 1032 3551 intellectum
1056 3490 1153 3569 esset,
1182 3488 1210 3550 si
1233 3487 1267 3551 hi
1291 3488 1355 3553 loci

206 3597 313 3660 minus
343 3595 484 3681 neglecti
511 3595 694 3661 iacuisaent.
739 3592 816 3658 Non
842 3593 988 3677 neglexit
1015 3596 1126 3657 tamen
1149 3593 1354 3660 Hermannus

276 3843 294 3912 ¹)
313 3843 356 3896 lbi
379 3844 448 3897 haec
471 3843 598 3911 scripsit:
620 3842 729 3909 ‘habes‚
753 3841 887 3894 benevole
905 3841 1018 3908 Lector,
1043 3839 1134 3894 varias
1158 3857 1230 3909 quae
1248 3841 1348 3896 Isidori

201 3932 311 3988 nomine
334 3932 566 3987 circumferuntur
589 3931 696 4000 glossas
719 3929 750 3982 iu'
770 3947 857 3982 unum
879 3927 968 3982 veluti
987 3927 1092 3982 fascem
1116 3930 1259 3998 collectas,
1285 3946 1348 3984 cum

201 4021 440 4077 emendationibus
459 4023 489 4074 et
501 4018 675 4074 variantibus
689 4016 866 4085 lectionibus,
888 4032 957 4084 quas
975 4016 1078 4085 partim
1095 4018 1131 4072 ad
1147 4017 1255 4072 Codicis
1269 4017 1346 4072 illius

200 4110 278 4181 cujus
296 4109 366 4164 mihi
384 4110 495 4179 copiam
512 4109 579 4164 fecit
597 4107 647 4163 Vir
661 4106 779 4161 Illustris
793 4105 932 4174 Iosephus
947 4104 1084 4174 Scaliger,
1103 4105 1207 4175 partim
1226 4106 1346 4190 aliqrum

200 4216 269 4270 quos
286 4197 356 4252 mihi
372 4196 467 4252 videre
485 4197 604 4266 contigit
617 4212 679 4251 oras
693 4196 842 4249 adnotatas
855 4195 958 4263 reperi,
978 4211 1048 4262 quas
1066 4195 1135 4249 meis
1152 4195 1181 4248 in
1199 4195 1263 4250 illas
1282 4213 1346 4250 con-

196 4287 313 4358 jecturis
332 4289 361 4342 et
378 4285 452 4340 notis
470 4285 591 4339 inserui!
875 4339 890 4367 a

274 4375 295 4444 ²)
315 4375 441 4432 Nimium
456 4373 581 4444 Scaliger
599 4371 682 4442 dixit,
702 4390 765 4426 cum
784 4373 894 4442 glossae
914 4389 948 4428 ex
962 4373 1067 4428 isidoro
1086 4371 1231 4428 derivatae
1250 4389 1345 4442 pauca

205 4465 268 4524 sinc.
