3232 5122
702 373 746 385 -
792 337 857 401 210
902 328 965 384 -·

256 499 404 583 quamvis
435 499 582 582 integrae
615 497 739 582 graecis
772 497 891 561 litteris
925 495 1023 561 scribi
1054 495 1194 579 soleant,
1225 516 1260 558 re
1289 498 1400 559 tamen

256 626 334 669 vera
369 604 606 687 latinograecae
643 605 732 667 sunt:
779 601 922 686 ‘glossas
956 602 1126 667 verborum
1160 600 1264 665 iuris'.
1319 599 1401 665 Sunt

257 714 364 774 autem
392 710 490 774 tales:
523 708 657 789 ἀβαδιτα
685 709 887 788 νερεδιτάτετ
916 709 994 789 μετὰ
1020 711 1079 788 τὴν
1106 708 1321 773 ὑπειεέλευειν
1344 713 1400 787 τῆ(

256 815 482 901 κληρονομίας
507 815 640 895 ἀβίετειε
664 818 791 894 λέγεται
815 815 834 879 ὁ
857 815 1032 898 ἀπελάτηε;
1063 814 1235 894 aoniae:
1260 816 1400 894 αἵματος,

256 945 392 1007 quarum
416 923 572 986 lemmata
589 922 690 986 latine
709 922 831 1007 scripta
854 922 934 987 haec
954 925 1039 986 sunt:
1063 922 1102 985 ub
1120 923 1207 986 adila
1224 921 1400 1005 hereditate,

256 1031 392 1112 abigeus
425 1030 613 1112 sanguinis·
641 1029 707 1093 Eas
740 1030 863 1113 primus
897 1026 1032 1093 Carolus
1055 1027 1225 1093 Labbaeus
1258 1050 1275 1092 e
1303 1029 1400 1093 variis

257 1136 419 1201 codicibus
444 1136 576 1220 collegit
600 1135 761 1220 ediditque
786 1135 944 1220 singulari
967 1135 1078 1200 libello
1109 1134 1245 1221 ‘veteres
1270 1135 1400 1220 glossae

256 1244 428 1308 verborum
451 1242 544 1325 iuris,
569 1265 649 1327 quae
668 1243 792 1326 passim
811 1243 845 1306 in
865 1241 1007 1306 basilicis
1026 1240 1242 1325 reperiuntur’
1265 1240 1400 1306 ParisiIs

257 1373 284 1416 a.
302 1350 386 1415 1606
411 1350 571 1434 evulgato.
607 1349 748 1413 Easdem
771 1350 868 1414 iterat
869 1371 905 1413 as
854 1347 1030 1413 thebes
1052 1351 1128 1431 post
1114 1347 1290 1414 tLabbaei
1313 1349 1398 1432 glos·

257 1458 344 1521 saria
371 1480 390 1521 a
412 1455 465 1520 Du
480 1453 643 1540 Gangio'
634 1479 670 1520 rn
696 1456 801 1520 lucem
829 1459 904 1539 prot
905 1459 1004 1521 racta.
1049 1454 1163 1519 Denuo
1192 1454 1257 1518 edit
1243 1457 1295 1517 tae
1324 1457 1434 1530 sunt,

258 1588 324 1628 non
345 1564 413 1628 sine
433 1563 571 1648 egregiis
588 1561 756 1647 ScaIIgeri,
780 1563 916 1627 aliorum
935 1585 999 1627 non
1018 1561 1090 1625 inut
1076 1561 1189 1625 tilibus
1208 1561 1400 1625 coniecturis

257 1669 601 1752 emendationibusque
615 1668 657 1732 ab
672 1667 816 1733 Antonio
833 1666 1035 1752 Schultingio
1050 1667 1082 1730 in
1099 1665 1229 1731 Ottonis
1244 1666 1401 1731 Thesauri

257 1771 337 1841 iuris
360 1775 499 1840 Romani
521 1778 545 1839 t.
563 1770 629 1839 ΙΠ2
648 1773 787 1838 Traiecti
807 1773 846 1838 ad
865 1773 1015 1838 Rhenum
1035 1796 1062 1837 a.
1079 1774 1164 1837 1733
1183 1796 1213 1857 p.
1230 1774 1401 1857 1697sqq,

135 1925 149 1948 .
257 1904 338 1966 quae
362 1881 461 1948 editio
484 1881 624 1964 repetita
647 1886 697 1946 est
720 1881 754 1944 in
778 1879 944 1964 glossariis
968 1879 1224 1945 Londinensibus
1244 1879 1401 1963 Stephani

257 1989 410 2052 thesauro
435 1987 588 2052 subiectis
612 2010 643 2070 p.
661 1986 847 2052 441-488.

452 2115 454 2120 v
780 2168 799 2245 ξ
826 2166 875 2230 12.

590 2288 634 2341 lle
654 2286 816 2353 glossariis
835 2287 1063 2353 graecolatinis.

345 2415 478 2480 Praeter
501 2415 627 2499 glossas
652 2436 732 2498 quae
755 2413 809 2479 hic
832 2413 901 2477 illic
923 2411 1028 2499 (velut
1049 2415 1084 2478 in
1104 2414 1170 2478 cod.
1191 2413 1402 2498 Amploniani

257 2524 362 2607 primo
382 2519 557 2607 glossario)
576 2522 661 2585 inter
679 2542 765 2585 mere
784 2520 903 2584 latinas
920 2520 1060 2585 insertae
1075 2524 1150 2584 sunt
1164 2511 1401 2606 graecolatinus

258 2630 340 2694 nihil
358 2629 435 2693 novi
453 2629 516 2692 nisi
535 2628 697 2712 integrum
717 2626 879 2713 quoddam
895 2627 996 2711 ampli
1015 2627 1187 2692 voluminis
1207 2627 1402 2712 glossarium

259 2736 459 2819 aliorumque
482 2734 602 2818 pusilla
624 2733 818 2818 fragmenta.

346 2842 370 2908 I.
399 2841 558 2907 Henricus
583 2839 766 2925 Stephanus
790 2843 825 2906 in
853 2842 936 2914 libro
961 2842 1088 2925 saepius
1117 2842 1181 2906 iarn
1211 2863 1401 2907 commemo-

258 2954 330 3015 rato
348 2972 389 3033 .p.
407 2948 592 3014 363-666
627 2947 726 3011 edidit
758 2950 791 3011 et
813 2946 990 3013 Vulcanius
1018 2949 1052 3013 in
1076 2947 1244 3013 Thesauro
1273 2950 1403 3032 repetiit

258 3056 379 3141 grande
399 3055 593 3140 glossarium
614 3054 882 3139 graecolatinum,
901 3055 986 3140 quod
1001 3052 1119 3138 Oyrilli
1133 3055 1292 3138 appellari
1311 3055 1402 3120 solet.

259 3161 341 3228 Sunt
369 3166 477 3227 autem
507 3162 614 3226 15800
636 3161 703 3226 fere
731 3163 868 3246 glossae.
913 3161 1045 3246 Incipit:
1082 3161 1238 3227 ‘dnnroct
1261 3163 1401 3227 intactus

259 3269 357 3349 ἅβαξτ
382 3269 499 3333 abacus
559 3268 699 3347 ἀβαρήετ
728 3291 794 3333 non
822 3269 930 3354 gravis
989 3269 1205 3348 dssdcruvroc:
1229 3270 1402 3335 infascina-

258 3375 356 3458 bilis',
380 3374 510 3459 explicit
533 3373 711 3453 ‘drxptucrct
730 3374 837 3458 pallor
882 3375 1009 3454 drxprdr:
1034 3375 1140 3458 palleo
1187 3375 1312 3454 ὠχρόετ
1336 3377 1403 3459 pal·

258 3482 342 3546 lidus
388 3480 552 3560 drxpdrnc:
576 3480 742 3563 palliditas
789 3480 1022 3560 ὠχυρωμένοει
1045 3481 1207 3547 vallatus’.

349 3588 377 3651 1.
400 3586 535 3650 Editum
558 3608 626 3650 esse
650 3587 767 3652 dicitur
790 3588 984 3672 glossarium
1005 3610 1021 3651 e
1040 3588 1148 3652 codice
1164 3587 1402 3673 Laudunensil)

261 3705 473 3713 —-—-——

332 3744 352 3814 1)
379 3743 402 3797 E
426 3743 520 3798 codice
543 3743 722 3800 Laudunensi
747 3743 901 3814 descriptos
927 3747 1107 3814 excerptosve
1134 3762 1192 3799 esse
1219 3746 1327 3800 codices
1351 3747 1403 3800 Re-

259 3834 336 3904 gium
350 3833 526 3888 LXXXV-
493 3838 611 3888 -2628
629 3834 675 3888 ‘de
694 3833 814 3888 l'ancien
831 3834 911 3888 fonds
929 3851 995 3904 grec
1013 3835 1047 3888 de
1065 3833 1180 3889 labibl.
1196 3834 1277 3904 Imp)
1299 3853 1334 3888 m.
1351 3841 1402 3888 395

258 3923 389 3978 foliorum
412 3941 431 3979 s.
446 3924 519 3992 XIV,
548 3941 603 3993 quo
627 3923 713 3978 etiam
736 3925 847 3994 glossae
870 3924 981 3978 aliunde
1004 3923 1110 3992 petitae
1138 3923 1346 3991 contineantur,
1375 3897 1429 3980 et

259 4012 378 4083 Regium
391 4013 559 4068 LXXXVII
574 4019 691 4068 ==2627
711 4033 730 4068 s
746 4014 812 4068 XIII
825 4013 984 4068 Rudorffius
1003 4015 1101 4067 auctor
1118 4013 1168 4066 est
1194 4012 1301 4066 Horum
1319 4012 1402 4067 alter-

211 4093 213 4096 ’
259 4105 322 4157 utro
347 4102 504 4172 putaverim
527 4103 572 4156 Du
587 4101 723 4171 Gergium
754 4105 837 4171 (hunc
860 4102 935 4157 enim
961 4102 1106 4172 collegisse
1133 4101 1207 4156 infra
1231 4102 1403 4155 demonstra·

258 4189 401 4260 bimus)
392 4211 422 4246 1n
455 4191 704 4261 ‘castigationibus
733 4193 762 4246 et
789 4191 1031 4247 emendationibus
1062 4191 1090 4245 in
1120 4193 1274 4259 utrumque*
1299 4190 1403 4259 glossa-

258 4280 330 4334 rium
350 4278 454 4350 [Caroli
472 4280 610 4352 Labbaei]
640 4298 673 4336 ex
692 4283 771 4338 codd.
791 4280 1024 4353 Sangermanensi
1052 4282 1081 4335 et
1103 4281 1209 4350 Regio
1314 4281 1343 4333 et
1370 4296 1404 4333 ex

259 4367 381 4422 virorum
400 4369 543 4423 doctorum
563 4361 761 4426 ooni'ectaneis'
786 4390 865 4425 usum
891 4387 956 4425 esse.
995 4370 1118 4439 Uterque
1136 4371 1180 4424 Du
1195 4369 1294 4440 Caugii
1318 4368 1404 4446 codex

261 4455 360 4530 cyrilli
378 4458 482 4528 glossas
502 4459 676 4530 continebat,
699 4459 729 4524 id
747 4461 821 4529 quod
841 4476 874 4514 ex
893 4459 1020 4514 omnibus
1039 4457 1181 4529 scripturis
1200 4459 1265 4513 inde
1283 4459 1403 4529 prolatis
