3192 5126
631 336 869 400 —417-

179 497 279 580 sario,
302 497 358 560 ubi
373 519 402 561 v.
416 516 529 578 souma
547 494 663 559 habes:
686 500 812 560 ...rebe
829 498 932 558 aulem
948 492 1036 574 uulpo
1049 491 1228 556 uerlieulum
1248 489 1322 576 (ser.

175 601 374 690 uermerium)
397 606 520 670 dieitur.

220 711 391 776 Mulsum:
411 712 587 793 milipalum
609 710 782 790 Baoebum,
810 711 892 792 puori
916 710 1049 793 uulpus
1071 707 1227 774 eomlilum
1250 706 1324 769 clioil

338 815 420 902 (Mai
443 817 507 882 VII
530 841 560 902 p.
585 817 691 902 5691))

221 922 308 988 Cossi
324 942 334 988 ε
349 945 463 990 uermes
485 926 520 989 iu
540 926 631 1009 lipuo,
653 945 729 1007 quos
750 926 859 1007 oulpo
883 925 1035 989 teredones
1057 927 1168 989 uoeaul
1189 921 1322 1008 (ibidem

336 1054 366 1114 p.
391 1032 494 1096 bula:
518 1029 699 1117 leredouem)

220 1137 343 1202 Iusaua
363 1157 372 1202 t
393 1159 491 1222 peuus
518 1139 626 1203 herbae
654 1140 699 1202 ilo
726 1140 821 1222 dieta,
848 1140 923 1220 quia
949 1158 1025 1202 usus
1047 1138 1113 1201 eius
1130 1137 1323 1218 perieulosus

336 1250 397 1322 esl‚·
429 1247 465 1310 rie
493 1267 556 1327 pua
568 1243 592 1330 ¹)
625 1246 654 1310 si
680 1245 803 1309 bibatur
823 1245 870 1309 uel
900 1246 1017 1321 edatur,
1044 1245 1204 1308 iusauiam
1228 1245 1323 1324 sarii:

336 1353 416 1417 baua
437 1353 569 1436 uulpus
591 1353 819 1418 milimindrum
842 1354 917 1416 dieii
939 1353 1037 1437 (liber
1060 1350 1257 1437 glossarum)

221 1457 326 1522 Simia
345 1476 354 1523 z
373 1461 454 1540 puori
474 1460 580 1542 eulpa
603 1459 770 1524 modiolum
792 1460 951 1541 appellaui
973 1455 1056 1544 (eod.
1070 1455 1323 1542 Amplonianus²

335 1587 366 1647 p.
390 1565 465 1650 380,
489 1566 546 1652 57)
1237 1633 1239 1638 ,

222 1670 381 1752 Ppoiries:
404 1693 479 1736 oasa
497 1675 617 1738 moeliea
634 1679 777 1757 arpeulea
792 1675 838 1738 uel
853 1674 962 1756 lipara,
980 1695 1058 1756 quae
1075 1674 1181 1754 uulpo
1199 1673 1323 1736 meroes

337 1781 505 1864 appellaui,
538 1783 573 1845 iu
606 1781 810 1846 similitudiue
840 1780 988 1863 capsellae
1021 1777 1104 1864 (eod.
1131 1779 1321 1862 Amplonia-

181 1931 186 1940 ·
262 1909 265 1914 ·
336 1884 417 1951 nus²
444 1910 474 1970 p.
498 1888 577 1971 367,
604 1889 679 1952 128:
710 1889 834 1969 pierides
857 1937 864 1951 .
887 1937 893 1949 .
910 1887 1059 1969 prasoides
1083 1937 1089 1950 .
1111 1935 1118 1950 .
1141 1883 1323 1971 capsulam)

226 1992 390 2058 Arbulus:
410 1991 600 2081 uomaru83),
627 1996 678 2060 eui
706 1995 814 2076 oulpo
843 2014 952 2058 mamm
980 1998 1026 2082 esl
1049 1994 1147 2057 uueeio
1175 1992 1255 2078 (Mai
1278 1991 1325 2057 VI

336 2122 367 2183 p.
390 2099 455 2163 509
464 2099 496 2184 a)
1286 2107 1288 2111 '

222 2205 396 2270 Oomilialis
408 2207 539 2286 morbus,
558 2208 613 2289 qui
630 2208 738 2290 eulpa
756 2204 916 2291 ooiueia4)
936 2207 1059 2290 dieitur,
1077 2207 1144 2271 ideo
1159 2205 1324 2270 comitialis

337 2313 448 2393 dictur,
469 2316 553 2396 puori
573 2316 608 2379 iu
631 2316 751 2379 romilio
768 2316 910 2396 primum
933 2315 1031 2377 ueseio
1054 2302 1124 2396 q'uis
1146 2313 1200 2378 boe
1222 2313 1325 2377 morbo

338 2425 480 2502 arreptus
503 2418 583 2505 (Mai
606 2419 654 2485 VI
677 2445 707 2504 p.
731 2421 839 2506 516b)

221 2526 386 2591 Malleolus
410 2539 420 2590 τ
443 2525 498 2590 boo
529 2548 640 2591 uomm
671 2529 754 2591 euim
780 2529 918 2612 auditur,
950 2529 1004 2592 soal
1033 2526 1217 2608 absorbetur,
1249 2527 1325 2608 quia

337 2635 443 2716 arripe
473 2635 571 2716 plutio
603 2632 812 2720 appeliatum)
846 2634 926 2718 (Mai
949 2633 996 2698 VI
1020 2658 1050 2718 p.
1074 2633 1165 2697 533b
1191 2664 1233 2685 =
1257 2634 1324 2699 eod.

338 2737 443 2804 Velie.
468 2741 553 2805 3321
579 2739 601 2804 f.
625 2739 697 2803 99¹:
721 2736 915 2825 absoruelur)

225 2845 384 2910 Testudo:
414 2867 508 2927 quam
539 2846 627 2928 oulpo
656 2844 858 2932 poiaiauss)
889 2847 1002 2910 dicum.
1026 2846 1130 2928 produ
1153 2847 1231 2910 leuto
1251 2867 1325 2928 pra-

202 3104 205 3108 .
253 3040 273 3108 ¹)
292 3039 371 3092 Libri
389 3038 512 3106 denique,
531 3037 605 3106 quod
623 3037 739 3091 huuscio
754 3054 790 3090 un
804 3037 876 3092 forle
890 3037 1046 3107 vulgariter
1059 3053 1111 3106 pro
1125 3039 1230 3104 etenim,
1247 3055 1324 3092 uaru-

179 3145 229 3196 que
247 3127 376 3182 dixerint.

253 3217 274 3285 2)
299 3217 354 3271 Ter
375 3216 504 3287 peccavit
523 3215 658 3270 Oehlerus
682 3217 797 3271 edendo
836 3215 941 3286 Scripsi
964 3217 1080 3270 baalim
1102 3215 1172 3272 duce
1192 3217 1322 3270 ‘Placidi’

179 3306 208 3360 in
236 3306 309 3360 libro
335 3306 492 3374 glossarum
520 3306 615 3375 glossa
637 3307 745 3375 pueris:
774 3350 807 3363 ..
831 3292 914 3376 quam
941 3323 991 3361 uos
1019 3310 1144 3375 corrupte
1172 3305 1325 3359 buaieiem

179 3396 302 3449 (liumus.

253 3485 273 3553 ³)
293 3485 425 3540 Comarus
448 3485 542 3553 arbor,
572 3501 709 3540 comarum
731 3486 846 3539 fruetus.
883 3486 944 3540 Hoc
971 3485 1107 3540 vocabulo
1130 3483 1236 3537 Plinius
1260 3501 1325 3537 usus

180 3572 267 3640 (idem
286 3574 372 3628 elium
391 3575 479 3628 umeeio
498 3577 585 3642 vous),
604 3574 675 3628 illud
694 3592 797 3629 novum
817 3576 866 3628 esi.

252 3662 273 3732 ⁴)
292 3663 405 3717 Novum
423 3662 477 3716 hoc
496 3678 606 3730 quoque
625 3662 802 3728 vocabulum,
823 3663 855 3715 ul
868 3661 986 3731 videtur,
1006 3662 1156 3716 aeaduous
1168 3679 1226 3715 non
1244 3661 1326 3714 aliter

179 3749 336 3804 derivatum
365 3752 449 3819 abque
476 3751 568 3806 oaeeia
600 3767 618 3803 a
645 3767 752 3816 caecus,
784 3767 856 3818 quae
888 3767 942 3805 vox
968 3750 1038 3804 item
1066 3749 1167 3818 glossis
1196 3749 1326 3804 debetur:

179 3840 293 3893 eaeeia
318 3853 327 3893 i
350 3841 440 3909 ealipo
468 3841 607 3894 oculorum
635 3841 730 3910 (gloss.
756 3839 901 3910 Amplon.³
923 3858 950 3909 p.
973 3845 1034 3908 291,
1055 3846 1083 3894 i:
1112 3840 1195 3906 eoda3
1226 3839 1326 3907 fragm.

180 3927 395 3998 Werihinense).
1234 3993 1235 3997 Ἰ

254 4019 274 4087 ⁵)
293 4020 357 4073 Non
380 4019 487 4074 multae
510 4021 621 4074 exstent
641 4019 713 4074 tales
737 4020 855 4088 glossae.
892 4019 944 4074 usi
967 4022 1061 4073 aulem
1080 4018 1139 4073 eius
1161 4017 1210 4086 qui
1228 4033 1325 4071 vocem

180 4107 249 4162 sabis
271 4108 329 4164 iam
352 4109 507 4164 obsoletum
531 4109 600 4178 alia,
629 4125 685 4176 qua
713 4109 814 4178 vulgus
842 4109 975 4175 uteretur,
1001 4108 1085 4176 plene
1110 4108 1272 4174 absorptum
1290 4105 1326 4160 iri

181 4197 347 4252 coniciebal.
385 4195 446 4262 Quo
464 4198 554 4268 magis
579 4197 730 4252 dolendum
756 4197 843 4266 quod,
866 4213 987 4265 quonam
1011 4196 1046 4250 de
1068 4195 1205 4250 vocabulo
1225 4196 1326 4264 agatur

181 4302 236 4338 non
274 4286 370 4339 lanum
389 4288 437 4341 esi.

254 4304 274 4445 ξ))
294 4375 371 4430 Idem
390 4374 559 4430 vocabulum
577 4373 606 4428 in
625 4374 691 4429 libii
705 4375 860 4443 glossarum
875 4373 969 4428 codiee
984 4372 1167 4427 Ambrosiano
1188 4373 1209 4424 B
1224 4379 1257 4426 36
1276 4371 1325 4426 ini.

181 4464 322 4532 puolaiam
340 4466 369 4518 el
386 4465 460 4533 polio
479 4462 620 4517 scribitur:
639 4479 711 4532 quae
729 4463 819 4517 formu
837 4461 983 4531 probanda
1001 4461 1038 4514 sii
1055 4462 1156 4516 nescis.

235 4564 327 4613 wae,
342 4563 369 4603 de
382 4563 450 4611 gloss.
467 4563 506 4603 lei.
1078 4556 1111 4604 27
