3232 5122
706 239 948 302 —230-

256 397 404 463 Danielis
424 396 593 462 Aureliani
609 395 706 462 1565’
731 395 793 482 (sic
806 397 828 460 f.
845 398 881 460 1¹
904 397 1061 481 scripturn
1085 394 1158 482 est).
1190 396 1292 494 Tituli
1314 397 1402 481 prin·

257 505 377 588 cipium
414 507 478 568 est:
520 501 725 568 ‘snossan
758 501 1056 580 ANTIQVORVM
1088 502 1402 568 Avononlnunn

257 609 522 677 ROBORA'I'AE
546 609 603 674 ΕΤ
620 660 627 674 .
643 658 649 673 .
665 608 683 674 .’
716 609 827 692 Ipsum
851 608 1048 692 glossarium
1070 609 1201 694 incipit:
1228 608 1404 676 ‘Aristera

257 717 445 784 nominibus
474 699 624 800 gentibus
652 709 725 780 ideo
754 716 843 799 prior
871 718 921 779 est
948 718 985 780 ut
1011 719 1120 780 teraru
1148 738 1213 810 pao
1242 714 1284 798 qd
1315 715 1404 798 prior

258 823 436 889 nasccntib:
459 833 539 887 noce
564 823 688 905 aperiat
708 821 712 903 l
737 821 833 886 Abba
858 822 924 885 sin‘r
949 825 1000 886 est
1022 845 1154 888 nomen:
1183 822 1346 907 significat
1368 823 1404 887 iu

188 956 191 963 ¹
258 932 397 997 latinum
420 927 534 1014 patcr’.
566 928 725 1013 Explicit,
749 932 786 992 ut
808 927 948 992 videtur:
973 927 1073 994 ‘zozia
1097 927 1212 1012 signa'.
1245 926 1405 994 Secuntur

260 1036 487 1120 metrologica,
510 1034 658 1118 metrica,
680 1034 713 1098 id
733 1056 834 1120 genus
853 1036 983 1101 similia.
1020 1034 1129 1100 Inesse
1149 1036 1266 1100 dicitur
1284 1037 1319 1101 in
1341 1036 1405 1101 hoc

260 1145 368 1211 codice
391 1143 524 1226 Papias:
553 1145 588 1205 at
616 1145 665 1206 est
692 1143 803 1225 procul
827 1143 925 1208 (lubio
948 1143 1026 1207 libri
1049 1144 1232 1228 glossarum
1255 1144 1406 1228 epitome,

260 1273 333 1316 cum
351 1249 471 1334 Papias
495 1271 523 1318 a.
540 1249 625 1312 1063
649 1247 777 1314 demum
801 1255 1001 1331 opus'suum
1025 1249 1066 1314 ad
1090 1250 1188 1313 finem
1210 1249 1405 1333 perduxerit.

349 1355 483 1421 Glossas
515 1376 596 1438 quas
623 1354 792 1420 Robinson
819 1354 904 1419 Ellis
936 1355 972 1420 in
1000 1353 1121 1420 Catulli
1151 1355 1290 1420 editione
1321 1354 1405 1420 Oxo-

260 1463 366 1529 niensi
396 1485 422 1528 a
454 1462 537 1526 1867
571 1462 661 1526 velut
692 1484 723 1545 p.
747 1462 821 1528 348.
846 1463 920 1526 329.
944 1462 1009 1527 354
1042 1484 1059 1526 e
1093 1459 1265 1546 ‘glossario
1298 1464 1406 1526 vetere

261 1569 477 1636 bibliothecae
517 1567 770 1633 Bodleianae’
812 1568 951 1652 protulit
988 1568 1028 1632 ad
1064 1568 1185 1632 librum
1221 1568 1406 1652 glossarum

162 1747 164 1754 ,
261 1680 406 1760 spectare
429 1675 593 1740 Usencrus
616 1674 698 1739 vidit
720 1675 741 1738 l.
766 1698 790 1738 s.
815 1697 839 1740 s.
863 1698 893 1758 p.
911 1675 974 1740 387
987 1697 1033 1760 sq.

349 1783 389 1848 In
416 1781 546 1846 brevius
574 1803 640 1847 uon
669 1784 854 1847 contractus
882 1782 982 1846 fuisse
1011 1785 1044 1845 et
1076 1782 1217 1847 fontium
1248 1781 1406 1847 indiculos

262 1887 400 1954 fideliler
428 1910 574 1953 servasse
602 1883 830 1953 videtnrlibri
860 1890 1044 1977 glossarum
1072 1890 1171 1956 codex
1193 1889 1407 1972 Engelber-

262 1996 394 2082 gensis
423 1996 556 2092 membr.
580 2018 661 2061 saec.
687 1995 750 2060 XII
777 1996 943 2080 bipertitis
972 1997 1101 2082 paginis
1131 1996 1285 2080 scriptus,
1318 1998 1406 2062 cuius

239 2112 361 2167 'unum
384 2101 498 2167 folium
521 2105 629 2166 exstat
652 2103 693 2166 ab
714 2101 850 2186 Hageno
869 2102 1056 2168 Einsidelae
1085 2101 1261 2168 inventum.
1297 2103 1408 2168 Prima

231 2220 235 2230 '
263 2211 386 2295 glossa,
418 2231 500 2293 quae
528 2209 657 2294 quidem
685 2209 813 2294 integra
842 2212 962 2293 exstat,
995 2213 1046 2273 cst
1078 2197 1287 2293 ‘palabundii
1321 2211 1408 2295 uagi,

263 2314 431 2399 errantes',
455 2317 597 2378 extrema
621 2312 724 2399 (cuius
749 2313 869 2378 lemma
885 2315 1013 2404 papea
1036 2312 1100 2399 est)
1125 2314 1261 2398 abrupte
1286 2315 1332 2381 sic
1355 2339 1406 2382 cx·

262 2423 367 2506 plicit:
392 2420 439 2485 ‘in
453 2419 640 2485 summitate
656 2424 764 2485 autem
783 2421 1012 2505 palpebrarum
1035 2420 1115 2485 locis
1135 2420 1252 2505 quibus
1271 2426 1407 2508 utraque

264 2527 318 2592 se'.
357 2528 478 2592 Fontes
502 2527 602 2593 octies
625 2527 822 2592 indicantur:
850 2525 951 2592 nsieo
974 2527 1061 2592 Iside
1084 2526 1166 2610 Isid,
1189 2526 1238 2592 De
1262 2530 1334 2615 glo,
1357 2529 1408 2596 oi-

263 2635 372 2718 cerori,
395 2633 502 2719 Virgl.
543 2634 571 2698 Ε
596 2633 737 2719 quinque
762 2635 894 2720 glossis,
924 2657 1003 2720 quas
1032 2635 1070 2700 de
1099 2635 1198 2698 boum
1220 2636 1408 2719 palearibus

263 2742 353 2808 velut
385 2742 419 2806 in
446 2741 606 2806 Vaticano
633 2741 773 2824 177317.
799 2741 884 2807 225v
917 2744 1043 2806 exstare
1076 2743 1158 2827 scio,
1190 2743 1315 2808 nullam
1346 2743 1409 2810 hoc

264 2849 481 2932 fragmentum
503 2868 569 2912 non
594 2847 744 2912 servant.

353 2953 462 3019 Codex
494 2954 696 3019 Leidensis
730 2953 956 3039 Scaligeranus
989 2957 1068 3040 231,
1104 2955 1225 3040 partim
1262 2957 1409 3042 bombyo.

264 3062 383 3148 partim
416 3062 563 3144 membr,
596 3082 677 3125 saec.
706 3060 735 3124 X
763 3060 815 3125 vel
842 3060 889 3124 XI
922 3060 975 3145 (cf.
1004 3062 1200 3146 catalogum¹
1218 3063 1409 3130 Leidensem

264 3193 294 3254 p.
304 3169 397 3234 4647)
409 3153 445 3233 bt
458 3167 668 3232 Franciscum
681 3165 788 3231 Ruehl
802 3167 837 3230 in
852 3166 1023 3232 Bitschelii
1037 3167 1129 3232 Actis
1144 3172 1167 3234 t.
1177 3167 1226 3233 IV
1235 3191 1265 3252 p.
1276 3171 1339 3235 377
1348 3169 1409 3256 sq.)

266 3276 460 3361 glossarium
488 3275 620 3340 exhibet
647 3274 932 3359 latinoarabicum,
963 3297 1067 3358 equo
1093 3298 1159 3341 non
1192 3276 1305 3340 dubito
1334 3276 1410 3360 quin

265 3365 592 3448 fluxerintVulcanii
615 3382 649 3446 in
672 3381 839 3446 Thesauro
862 3405 893 3467 p.
919 3383 1094 3447 701-710
1123 3382 1262 3467 ‘glossae
1286 3405 1302 3446 e
1326 3384 1410 3476 glos-

266 3491 352 3555 sario
390 3489 646 3554 arabico-latino
683 3489 784 3553 veteri
821 3511 879 3553 ms.
912 3487 1088 3554 collectac’.
1138 3489 1228 3556 Haec
1260 3490 1410 3554 Vulcanii

266 3601 416 3680 excerpta
436 3596 550 3660 alibro
570 3596 753 3680 glossarum
772 3596 911 3680 pendere
926 3594 1101 3661 Kettnerus
1120 3597 1210 3662 vidit.
1242 3595 1411 3661 Lemmata

265 3704 313 3768 ita
341 3702 388 3766 ibi
416 3703 541 3766 mutata
568 3706 657 3787 sunt,
687 3706 724 3766 ut
750 3702 919 3768 nominum
946 3702 1141 3766 nominativi
1174 3707 1207 3767 ct
1238 3703 1410 3768 verborum

202 3885 216 3906 ⁶
265 3809 390 3892 primae
414 3807 495 3892 sing.
519 3807 613 3873 indic.
632 3831 735 3893 praes.
754 3821 913 3892 personae
936 3812 973 3873 ut
996 3809 1203 3893 grammatici
1227 3809 1318 3874 aiunt
1340 3809 1420 3874 ubi-⁴

266 3937 327 4000 que
356 3937 416 3999 pro
443 3915 575 3979 traditis
603 3915 717 3980 formis
745 3917 1026 3983 substituerentur.
1057 3917 1192 3983 Praeter
1219 3917 1410 4000 interpreta-

266 4025 376 4086 menta
399 4022 529 4088 arablea
554 4021 742 4106 saepissime
765 4024 869 4088 latina
893 4046 1018 4108 quoquc
1043 4028 1173 4090 servata
1197 4028 1280 4089 sunt.

356 4127 465 4193 Codex
491 4127 694 4194 Leidensis
717 4129 899 4196 Vossianus
924 4130 993 4196 Oct.
1013 4131 1056 4196 24
1085 4131 1185 4196 chart.
1213 4134 1289 4214 post
1321 4130 1412 4196 varia

267 4234 487 4320 geographica
502 4233 556 4322 (of.
571 4237 755 4322 catalogum
769 4260 800 4321 p.
814 4238 878 4303 387
887 4235 918 4326 a)
938 4238 1134 4323 glossarium
1149 4237 1281 4302 exhibet
1293 4258 1411 4302 novem

266 4339 428 4426 foliorum,
447 4344 654 4408 evetustiore
673 4345 758 4410 libro
776 4344 864 4410 hand
882 4344 977 4410 dubie
996 4345 1203 4430 descriptum.
1235 4343 1323 4410 Usus
1339 4366 1410 4410 sum
1501 4328 1507 4337 ¹
