3222 5122
732 284 972 349 -338—

274 443 410 507 tutionis
440 445 542 507 restet
571 443 660 508 nihil.
705 443 734 507 E
759 444 878 509 codicis
906 445 992 507 enim
1018 442 1230 526 Amploniani
1259 444 1419 528 glossario

275 550 379 632 primo
415 549 498 614 hanc
530 545 832 634 permemor'abilem
864 550 1008 635 glossam
1040 548 1230 614 Franciscus
1264 549 1420 615 Ochlcrus

274 679 305 739 p.
328 655 419 722 259a
443 658 484 723 88
518 657 631 721 edidit:
665 656 877 742 ‘aegilippom
910 678 1022 721 saxum
1056 655 1215 740 eminens,
1247 657 1333 739 quod
1362 677 1421 722 nec

275 762 391 847 cupille
415 763 584 828 ascendere
611 762 742 847 potest',
771 784 868 846 quam
896 763 1061 827 sciendum
1086 765 1136 826 est
1158 763 1192 826 in
1215 762 1287 847 ipso
1312 763 1420 828 codice

274 871 383 954 planis
406 870 525 934 liiieris
549 870 595 935 sic
618 871 727 953 pciius
751 870 905 952 scriptam
927 873 1065 934 exstare:
1090 868 1288 955 ‘aegilippon
1307 893 1420 955 saxum

276 979 420 1042 eminens
446 976 561 1060 ingens
586 999 659 1061 quo
681 998 741 1041 nec
768 976 885 1060 capillc
908 979 1072 1061 possuni
1095 976 1323 1041 ascenderc'.
1355 976 1420 1041 lta-

275 1105 335 1168 que
359 1085 406 1149 sic
429 1083 577 1148 restitue:

332 1191 531 1268 αἰγίλιπον
553 1206 702 1255 surum:
725 1189 874 1272 eminens,
898 1190 1017 1274 iussus,
1039 1209 1097 1271 quc
1119 1187 1208 1275 ucc¹>
1231 1191 1363 1273 capellae

686 1300 820 1378 possunt
839 1297 998 1360 csceudcrc

276 1402 375 1469 Cuius
399 1403 530 1488 quidem
553 1404 683 1488 glossae
712 1404 831 1466 lemma
859 1402 945 1487 quod
973 1405 1023 1466 cst
1046 1401 1219 1479 ‘uiriiurov
1244 1401 1368 1466 saxum'
1392 1405 1419 1467 si

275 1511 315 1574 ad
334 1509 537 1593 deperditum
551 1508 679 1574 Lucili
697 1530 825 1573 versum
843 1508 1013 1592 rettulero,
1035 1531 1076 1574 ne
1099 1508 1201 1573 nimiu
1218 1507 1299 1571 mihi
1323 1509 1418 1574 auda-

274 1618 325 1681 cia
348 1617 476 1681 crimini
499 1617 590 1680 dciur
612 1638 679 1681 non
701 1616 816 1698 timeo,
839 1615 1018 1698 rumoribus
1042 1615 1144 1680 frctus
1168 1614 1272 1678 hisce:

320 1726 348 1789 1.
370 1722 410 1788 Iu
428 1723 599 1808 glossariis
619 1721 730 1787 latinis
744 1720 912 1786 Luciliaua
930 1722 1087 1787 vocabula
1105 1744 1172 1786 nou
1190 1743 1295 1806 pauca
1313 1723 1418 1788 inesse

433 1852 531 1914 supra
554 1829 854 1894 demonstravimus.

319 1939 348 2004 2.
370 1937 492 2022 Aperte
515 1936 596 2001 illud
614 1936 835 2019 fragmentum
853 1934 1048 2018 dactylicum
1067 1956 1145 2018 prae
1164 1958 1199 2000 se
1220 1935 1284 2000 feri
1303 1936 1416 2021 rhyth-
1478 1955 1480 1958 ·

433 2065 536 2107 mum:
560 2039 730 2128 uiriiriuou
754 2039 876 2129 saxium
897 2037 927 2128 ii.

318 2153 347 2216 3.
371 2150 495 2216 Graeca
518 2150 676 2244 vocabula
698 2148 845 2213 versibus
868 2148 979 2213 latinis
1002 2148 1164 2213 inserendi
1188 2171 1258 2213 mos
1283 2154 1333 2214 est
1355 2150 1417 2215 Lu-

432 2257 576 2322 cilianus.

317 2365 347 2428 4.
371 2363 534 2440 Αἰγίλιπο(
562 2362 756 2428 vocabulum
786 2383 889 2445 neque
918 2359 1004 2445 apud
1037 2382 1170 2446 graecos
1198 2384 1302 2447 neque
1332 2365 1417 2448 apud

432 2469 552 2534 latinos
584 2470 759 2552 scriptores
790 2490 927 2552 usquam
956 2469 1113 2532 traditum
1145 2474 1195 2533 est
1226 2470 1290 2534 nisi
1318 2471 1417 2534 semel

432 2574 517 2659 apud
540 2574 707 2641 Lucilium.

347 2805 367 2873 ¹)
386 2821 434 2858 uec
452 2822 502 2874 pro
521 2821 556 2859 uc
573 2805 694 2874 quidun,
712 2807 745 2859 ub
762 2822 818 2859 non
837 2820 899 2858 raro
918 2822 968 2857 usu
986 2803 1073 2858 venit.
