3178 5122
675 343 870 409 ..9-

357 505 534 588 abrogans:
558 504 685 570 humilis

354 630 530 695 arrepens:
553 612 701 694 superbus

354 719 511 784 abtadus:
535 721 718 802 inquinatas

195 844 342 910 ordinem
374 842 541 908 turbatum
571 866 641 908 esse
678 843 806 908 invecta
837 859 1004 925 arrepens:
1040 843 1187 924 superbus
1219 844 1344 927 glossa,

195 973 258 1035 qua
281 973 361 1034 opus
381 971 450 1014 esse
473 950 612 1034 putabat
631 949 751 1015 sciolus
770 950 879 1015 nescio
899 950 970 1034 quis
996 949 1036 1013 ad
1060 951 1249 1032 explendam
1270 973 1341 1014 eam

195 1079 277 1142 quae
311 1055 476 1142 praecedit
508 1055 665 1141 glossam,
707 1055 761 1138 qui
793 1077 860 1120 non
897 1055 1058 1119 caecutiat
1089 1054 1185 1119 facile
1218 1056 1343 1120 viderit.

193 1164 369 1229 Difficilius
401 1162 499 1226 etiam
529 1161 598 1226 cod.
621 1161 846 1246 sangallensis
869 1162 935 1226 912
958 1185 989 1245 p.
1012 1162 1055 1226 48
1086 1161 1340 1228 additamentum

194 1271 308 1356 lateat,
332 1270 388 1334 ubi
411 1269 497 1333 inter
516 1268 638 1332 medias
657 1289 673 1333 c
695 1267 825 1333 litterae
849 1269 977 1352 glossas
1001 1269 1081 1334 haec
1104 1269 1245 1353 legentis
1269 1293 1341 1334 ocu·

193 1379 243 1443 los
272 1377 419 1443 offendit:
452 1376 602 1440 ominem:
631 1375 760 1458 toaptloa
787 1375 849 1440 hoo
876 1378 927 1440 est
959 1377 1111 1439 umnam:
1144 1377 1201 1441 τὸν
1232 1378 1340 1457 φίλον.

193 1483 270 1549 Non
292 1507 365 1549 raro
390 1486 500 1549 autem
523 1482 563 1547 ad
586 1484 754 1548 turbatum
777 1482 961 1547 litterarum
986 1481 1132 1546 ordinem
1156 1482 1238 1547 illud
1261 1483 1343 1547 indi-

195 1591 280 1655 cium
299 1590 432 1674 accedit,
455 1590 541 1675 quod
559 1589 703 1655 eiusdem
726 1588 879 1673 glossarii
902 1611 1004 1654 novus
1025 1589 1123 1680 codex
1148 1589 1341 1672 suspitiosas

195 1696 324 1781 glossas
357 1697 495 1780 omittit,
527 1696 561 1760 id
593 1697 678 1781 quod
707 1718 780 1760 cnm
812 1695 847 1759 in
875 1695 941 1760 alia
968 1700 1039 1759 tum
1066 1695 1101 1758 in
1128 1694 1344 1760 Hildebrandi

196 1801 405 1887 ‘glossarium
431 1803 615 1868 Parisinum
644 1800 924 1888 antiquissimum'
960 1801 1073 1865 cadere
1101 1801 1187 1866 infra
1215 1795 1344 1868 demon·

197 1910 383 1975 strabimus.

282 2015 417 2081 Praeter
439 2016 566 2100 glossas
590 2016 805 2101 interpolatas
830 2016 930 2080 etiarn
952 2038 1085 2100 prorsus
1108 2017 1216 2081 aliena
1238 2016 1343 2080 immi-

198 2127 328 2188 scentur
347 2127 445 2209 atque
460 2124 578 2189 iterum
597 2125 779 2208 iterumque
794 2124 957 2208 descripta
975 2128 1209 2209 propagantur.
1246 2121 1344 2188 Cuius

191 2231 244 2295 rei
267 2231 463 2297 luculentius
487 2232 669 2316 exemplum
692 2232 826 2296 nullum*
842 2232 919 2297 novi
942 2231 1013 2296 hoc.
1054 2230 1233 2296 Vulcanius
1257 2232 1344 2295 enim

197 2338 283 2403 inter
311 2337 462 2403 ‘Isidori'
491 2339 619 2422 glossas
646 2361 677 2422 p.
706 2340 784 2422 682,
808 2340 850 2404 27
883 2339 1059 2424 permiram
1089 2339 1232 2422 glossam
1260 2340 1344 2404 hanc

196 2444 310 2510 edidit:
346 2446 424 2510 Heli
443 2445 523 2525 folia
545 2449 677 2526 quatuor
702 2445 789 2525 fuere
817 2447 853 2510 dc
875 2446 1051 2529 exemplari.
1101 2444 1147 2510 At
1174 2445 1254 2511 haec
1276 2469 1344 2511 non

196 2550 309 2635 glossa
332 2555 390 2636 est,
414 2573 478 2636 qua
502 2551 688 2615 abstrusum
707 2550 837 2636 aliquod
859 2553 1054 2617 vocabulum
1074 2552 1262 2638 explicetur,
1286 2556 1341 2619 sed

195 2657 311 2722 notula
332 2660 441 2724 neseio
466 2657 554 2722 cuius
577 2658 728 2722 lacunam
747 2659 886 2743 exempli
910 2659 1097 2744 indicantis3
1122 2659 1233 2723 eadem
1257 2662 1342 2726 enim

196 2764 308 2848 glossa
340 2765 374 2830 in
407 2763 515 2829 codice
547 2762 697 2828 Leidensi
725 2762 817 2828 67Ρ1
843 2764 865 2830 f.
893 2766 953 2829 29ῐ
985 2764 1061 2828 talis
1094 2769 1218 2829 exstat:
1269 2766 1344 2832 dieti

193 2871 274 2952 folia
295 2875 440 2953 quattuor
462 2891 540 2952 quac
557 2870 658 2934 actea
679 2869 810 2949 fumarat
830 2872 866 2935 dc
887 2871 1099 2952 exemplaret
1122 2871 1156 2934 in
1179 2871 1338 2956 glossario

199 2975 383 3043 Salomonis
407 2978 492 3042 inter
514 2979 678 3059 hesperias
696 2981 729 3042 et
751 2977 841 3043 tect:
863 2978 966 3044 testes
985 2978 1065 3058 folia
1089 2999 1110 3040 a
1132 2984 1343 3063 quatuorque

198 3086 299 3150 meua
319 3086 440 3166 fundat
460 3086 497 3150 de
519 3087 715 3169 exemplario,
738 3086 795 3150 ubi
818 3085 856 3149 de
881 3084 1048 3170 ‘quattuor
1070 3085 1159 3150 foliis
1180 3086 1218 3150 de
1238 3109 1343 3151 exem-

195 3191 282 3276 plari
305 3191 437 3256 excisis’
468 3191 523 3278 agi
551 3197 699 3276 apparet,
726 3215 830 3277 neque
863 3196 974 3256 tamen
1004 3192 1081 3276 quid
1108 3214 1167 3275 pro
1191 3177 1366 3258 lemmate

196 3296 325 3382 glossae
355 3335 399 3345 —
427 3298 513 3382 dicti,
547 3299 661 3383 testae,
693 3299 756 3362 lecti
785 3335 827 3345 -
857 3297 1062 3363 scribendum
1094 3299 1138 3363 sit
1171 3299 1284 3363 statim
1311 3300 1345 3364 in

197 3405 309 3469 oculos
327 3406 472 3471 incurrit.
518 3406 633 3491 Itaque
656 3405 760 3470 multa
778 3406 867 3470 velut
887 3405 936 3471 tec
954 3407 1064 3470 desunt
1080 3405 1225 3470 tentanti
1242 3428 1345 3491 neque

196 3513 309 3576 tamen
340 3513 481 3578 multum
518 3512 702 3598 proficienti
739 3513 898 3576 succurrit
934 3510 1014 3575 mihi
1052 3531 1133 3594 quae
1170 3511 1204 3575 in
1236 3514 1344 3579 codice

196 3616 347 3684 Leidensi
370 3619 392 3684 l.
415 3643 439 3685 s.
461 3644 486 3684 s.
510 3623 680 3703 excerptae
704 3618 870 3702 praecedit
893 3618 1005 3702 glossa
1031 3639 1097 3680 non
1120 3617 1226 3683 minus
1251 3619 1345 3684 mira:

195 3724 246 3789 laic
267 3724 356 3790 tabet
376 3727 481 3792 minere
503 3718 568 3810 tat,
598 3747 695 3810 quam
719 3725 819 3790 etiam
842 3725 1040 3811 glossarium
1064 3723 1261 3810 Salomonis,
1289 3727 1346 3791 ubi

197 3831 278 3896 inter
301 3833 459 3916 seriptum
482 3835 546 3930 est,
576 3830 717 3895 exhibet.
763 3828 962 3913 Compositis
990 3829 1042 3894 his
1073 3830 1197 3895 duabus
1227 3832 1345 3917 glossis

199 4041 331 4094 quonam.
386 4024 544 4080 Coniecerit
576 4024 696 4078 fortasse
735 4022 876 4092 quispiam
913 4023 1018 4078 collata
1059 4022 1215 4077 Salomonis
1251 4025 1346 4093 glossa

200 4112 377 4168 ‘stlattaria
399 4131 487 4184 genus
507 4116 549 4169 est
567 4112 647 4167 nauis
671 4111 826 4167 latronibus
851 4116 950 4182 aptum
969 4114 999 4167 ct
1021 4111 1132 4167 abillis
1150 4128 1291 4181 possessa,
1316 4113 1347 4168 in

199 4218 257 4270 qua
279 4206 434 4274 properant
456 4203 581 4257 diuersas
598 4201 688 4271 palari
711 4204 772 4269 (scr.
792 4201 932 4270 praedari)
956 4203 1054 4270 gentes
1072 4200 1119 4254 uel
1137 4200 1264 4270 regiones
1272 4202 1292 4268 ',
1311 4204 1345 4258 ab

198 4292 328 4347 stlattaria
345 4292 438 4346 neseio
457 4291 506 4346 ubi
525 4291 659 4361 scripturn
682 4290 812 4359 maleque
834 4290 1011 4345 intellectum
1030 4306 1101 4355 esse;
1125 4288 1229 4358 siquis
1252 4293 1347 4346 autern
1394 4281 1396 4284 ’

200 4379 290 4435 eiecta
312 4381 398 4435 tertia
421 4398 439 4435 a
461 4381 557 4435 littera
585 4381 619 4438 ab
642 4381 738 4440 stlatta
761 4378 882 4439 scribere
905 4377 1049 4448 maluerit,
1073 4394 1129 4436 non
1151 4378 1242 4436 habeo
1271 4380 1347 4452 quod

201 4471 298 4534 contra
315 4485 453 4532 moneam,
