3178 5122
703 257 920 322 ..52-

455 413 802 483 caecor.Persius:quam
1007 415 1058 484 pat
1094 413 1166 468 sicut
1202 415 1245 468 est
1276 429 1386 479 caecus;

456 501 533 556 ducit
551 502 636 571 palpo
1007 502 1235 557 undePersius:
1249 502 1292 555 ius
1302 503 1389 556 habet

1005 591 1055 644 ille
1066 591 1107 644 sui
1117 608 1199 660 quem
1211 591 1289 644 ducit
1302 591 1387 660 palpo

242 697 269 748 p.
285 685 399 746 695,59:
420 679 523 749 Sepia:
542 681 701 735 incaustum
723 679 800 734 Per·
829 699 856 748 p.
872 686 938 734 518:
981 678 1065 749 Sepia
1084 679 1109 733 ·i·
1127 680 1296 747 incaustum
1315 680 1388 732 unde

456 768 526 824 sius
1006 768 1156 823 Persius:
1176 770 1301 838 nympha
1315 769 1388 836 quod

1006 858 1097 911 infusa
1140 860 1272 913 vanescat
1312 857 1390 926 sepia

1007 947 1125 1018 lympha

244 1056 384 1121 Tantam
414 1057 597 1140 glossarum
625 1057 751 1141 copiam
779 1056 958 1120 exscribere
986 1078 1081 1139 quam
1105 1056 1236 1122 chartae
1258 1079 1390 1142 parcere

244 1164 429 1246 maluimus,
467 1163 619 1247 quoniam
656 1163 737 1227 haec
769 1163 853 1226 ratio
886 1163 986 1246 probe
1018 1167 1188 1247 perspecta
1220 1164 1391 1228 admodum

245 1270 355 1355 gravis
379 1269 529 1354 ponderis
550 1273 598 1333 est
622 1269 662 1334 ad
687 1269 894 1333 evertendam
914 1270 1089 1333 multarum
1103 1268 1244 1334 ‘Isidori’
1269 1271 1391 1354 glossa-

245 1399 317 1440 rum
342 1376 578 1441 auctoritatem.
854 1445 858 1454 ‚

332 1483 408 1548 Non
435 1481 556 1546 multae
584 1482 712 1565 glossae
741 1504 779 1545 ex
807 1482 962 1547 fonticulo
991 1482 1029 1547 de
1058 1505 1121 1566 quo
1150 1484 1292 1547 extremo
1321 1484 1392 1548 loco

244 1590 406 1674 agendum
428 1588 565 1652 haustae
589 1591 672 1651 sunt.
709 1588 785 1653 Non
804 1587 924 1659 desunt,
937 1589 1024 1652 enim
1041 1589 1289 1654 necessitudinis
1311 1612 1392 1674 quae

244 1696 329 1761 inter
365 1718 431 1761 non
463 1695 569 1759 nullas
602 1692 743 1758 ‘Isidori'
781 1694 907 1777 glossas
945 1698 977 1758 et
1013 1698 1125 1759 notas
1159 1695 1392 1762 Tironianas

244 1804 418 1870 intercedit
436 1803 589 1887 vestigia,
610 1824 746 1887 quorum
766 1802 903 1865 alterum
922 1801 1001 1866 illud
1020 1808 1084 1886 est,
1106 1803 1190 1887 quod
1210 1804 1393 1887 glossarum

245 1911 421 1976 latinarum
457 1912 612 1975 lemmata
644 1910 677 1972 in
709 1909 797 1972 notis
830 1907 1015 1973 Tironianis
1049 1913 1159 1993 aperte
1192 1914 1393 1996 comparent3

246 2018 335 2083 velut
360 2017 413 2081 cf.:

377 2155 469 2209 Notae
487 2155 639 2214 Bemenses
648 2153 667 2222 ¹)
731 2224 736 2232 Ι
986 2154 1107 2208 ‘Isidori’
1129 2155 1242 2210 Glossae

246 2282 273 2332 p.
289 2263 359 2316 aab:
378 2261 516 2316 Disdonat
835 2277 861 2328 p.
878 2266 974 2328 tm:
1011 2260 1168 2316 Disdonat:
1184 2246 1395 2318 diversadonat

247 2370 274 2422 p.
289 2357 358 2405 45a:
378 2349 528 2404 Gallenum
834 2366 861 2416 p.
878 2353 993 2417 681‚53:
1013 2346 1171 2405 Galeuumz
1190 2369 1239 2406 vas
1255 2351 1394 2405 vinarium

1047 2439 1165 2492 Romani
1190 2440 1301 2509 antiqui
1319 2441 1393 2500 diue·

1048 2530 1114 2582 runt
1191 2531 1194 2538 '

248 2637 275 2688 p.
291 2618 360 2671 89b:
381 2614 597 2670 Securicularius
835 2632 862 2682 p.
879 2620 994 2683 seam:
1015 2613 1254 2672 Securicularius=
1281 2618 1330 2687 qui
1353 2635 1395 2673 se·

1051 2721 1128 2759 cures
1146 2705 1202 2761 fert

247 2815 421 2880 Praeterea
444 2817 551 2878 autem
575 2811 785 2877 memorabile
810 2817 873 2896 est,
903 2813 988 2896 quod
1015 2814 1100 2879 inter
1128 2816 1254 2899 glossas
1278 2815 1396 2882 Isidori

249 2923 381 2987 notulae
399 2923 527 2985 exstant
542 2919 583 2984 ad
597 2919 741 2984 ordinem
756 2917 1004 2984 Tironianarum
1019 2925 1218 3005 spectantem
1237 2923 1326 2987 velut
1343 2923 1396 2988 ci:

362 3059 453 3114 Notae
472 3057 564 3112 Τίτου.
585 3057 697 3112 Gruteri
991 3057 1112 3113 ‘Isidori'
1133 3061 1243 3131 glossae

250 3187 277 3237 p.
295 3171 391 3235 maa
412 3164 600 3219 Caenaculum

412 3253 608 3308 Caenacellum

412 3342 526 3398 Canava
840 3360 865 3411 p.
882 3347 997 3411 675‚38:
1018 3340 1150 3398 Genava:
1182 3361 1288 3415 carnea,
1321 3348 1399 3415 post

413 3431 520 3489 Chama
766 3483 769 3488 .
1053 3433 1234 3487 caenaculum

252 3539 280 3591 p.
313 3525 393 3588 61,2;
412 3519 548 3575 Viocurus
840 3538 867 3588 p.
883 3524 997 3587 seam:
1017 3519 1202 3575 Viocuruset
1222 3521 1340 3576 statim
1355 3539 1397 3575 ce-

413 3609 531 3664 Oestifer
1053 3608 1131 3664 stifer

253 3717 280 3768 p.
297 3703 393 3766 155,2:
414 3697 507 3754 Cirrus
840 3716 867 3767 p.
884 3703 998 3767 676‚13:
1018 3696 1109 3753 Oirrus
1129 3697 1238 3753 cirritos
1258 3700 1390 3756 cirritudo

414 3787 529 3842 Cirritus

415 3875 553 3930 Cirritudo

256 4008 288 4068 et
307 4004 388 4068 adde
407 4026 437 4087 p.
452 4004 556 4088 687,ss
575 4005 725 4068 motetus:
738 4008 826 4084 post
842 4003 959 4084 ruffus,
977 4009 1062 4067 autc
1080 4005 1203 4087 rubeum
1227 4028 1258 4089 p.
1273 4005 1346 4088 697,
1360 4006 1398 4070 18
1422 4035 1426 4044 ·

256 4115 398 4193 bouum:
427 4111 525 4174 iuter
558 4111 758 4206 teodradam
787 4131 817 4193 p.
842 4111 915 4194 697,
937 4111 980 4174 20
1009 4111 1160 4176 trimitolt
1187 4117 1275 4194 post
1304 4134 1400 4197 arom

264 4235 470 4242 -.--——-·--—---

331 4285 350 4350 ¹)
369 4285 466 4339 Edidit
480 4288 559 4340 notas
574 4286 725 4340 Beruenses
739 4283 893 4338 Guilelmus
908 4283 1074 4339 Schmitzius
1090 4285 1120 4340 in
1133 4285 1401 4356 Panstenographici

257 4375 277 4427 t.
297 4372 309 4424 Ι
328 4391 355 4442 p.
375 4379 515 4428 raa—eos
536 4377 564 4428 et
583 4381 731 4430 eeu-soe.
1101 4379 1105 4388 ’
