3232 5122
680 271 924 380 -22137-

231 453 354 544 1ί244ν
376 456 477 520 latine
499 455 671 541 feminina,
699 477 813 542 graece
835 461 964 542 neutra,
993 458 1063 523 sim.
1091 459 1112 523 f.
1135 459 1214 524 259:
1246 458 1298 541 ᾍ-
1318 459 1376 534 liro

232 561 401 625 sinonuma
461 563 505 626 lli
527 565 596 646 [sia
614 564 713 646 spatio
732 567 804 628 aab
825 564 861 628 lli
879 567 990 646 emeno]
1015 564 1170 629 ciceronis
1195 567 1373 646 [accaronis

231 666 442 732 Baehreosias
465 669 548 751 legit]
574 669 612 732 de
636 669 729 752 copia
751 670 861 755 lingue
885 670 1006 754 latinp'.
1052 670 1185 754 Incipit:

551 827 670 892 Orator
693 829 852 900 excellens
876 776 1048 896 diiiidctus

550 938 640 999 actor
664 947 738 1000 acer
880 958 1010 1019 pressus
1170 1019 1172 1024 Ι

154 1063 160 1076 ’
229 1043 251 1108 f.
267 1044 363 1108 266':
388 1041 440 1124 ᾍ-
460 1042 550 1126 Incip
574 1043 685 1127 glossa
708 1041 880 1125 synonima
899 1039 1086 1108 Ciceronis'.
1124 1043 1185 1108 Sed
1203 1045 1287 1111 nihil
1307 1048 1374 1110 eius

153 1193 157 1202 ·
230 1151 318 1215 modi
341 1153 447 1214 exstat
468 1149 502 1212 in
524 1148 646 1232 pagina
665 1149 829 1232 ceteroqui
847 1170 958 1213 vacua.
992 1149 1014 1214 f.
1029 1151 1111 1215 267³
1134 1151 1212 1216 item
1236 1175 1374 1217 vacuum

230 1261 287 1322 est.
333 1257 354 1321 f.
378 1257 462 1320 267*
487 1255 617 1339 incipit:
650 1253 746 1318 ‘arba
766 1253 770 1338 Ι
794 1253 894 1318 humo
916 1257 1028 1332 iterra
1048 1252 1053 1340 Ι
1073 1255 1187 1321 arida'.
1232 1257 1255 1322 f.
1280 1259 1373 1324 272¹:

231 1362 283 1443 ‘-{-
308 1363 364 1427 Ine
392 1358 624 1447 dignomidia¹)
652 1362 826 1446 yppograti
857 1362 989 1446 gallieni
1022 1367 1055 1427 et
1087 1385 1162 1428 susa
1192 1367 1273 1446 [post
1299 1387 1375 1430 susa

230 1471 332 1534 littero
358 1469 493 1534 obsessa
519 1490 581 1534 csse
607 1467 762 1548 ohletmf.
808 1467 940 1552 Incipit:
975 1468 1052 1534 ‘Ubi
1080 1449 1306 1556 cogitauerunt
1335 1474 1373 1537 de

229 1578 298 1640 uita
322 1580 354 1640 et
377 1575 515 1660 corpus'.
603 1619 611 1637 t

280 1755 282 1765 Ι
317 1682 422 1747 Huius
455 1683 629 1747 memoriae
662 1681 901 1766 robustissimae
939 1682 1065 1767 glossas
1099 1684 1126 1748 si
1158 1707 1231 1749 cum
1264 1685 1374 1750 codice

228 1789 437 1856 Laudunensi
456 1792 488 1852 et
505 1786 662 1872 Stephani
682 1786 822 1853 editione
842 1789 1093 1872 comparaveris,
1116 1791 1168 1853 vel
1190 1791 1373 1856 levissimas

228 1896 323 1961 huius
357 1897 398 1961 ab
430 1895 487 1960 illo
521 1890 784 1980 discrepantias&
816 1895 851 1958 in
878 1893 1053 1960 Harleiano
1087 1917 1213 1980 quoque
1247 1902 1373 1964 exstare

228 2003 362 2068 videbis.
409 1999 475 2067 Ch:

311 2140 515 2196 Laudunensis:
552 2129 555 2137 Δ
713 2139 885 2210 Stephanus:
1093 2141 1274 2198 Harleianus:

227 2250 365 2316 infirmus,
392 2247 527 2316 incertus,
557 2247 599 2301 in·
613 2247 752 2316 infirmus,
771 2247 925 2316 instabilis,
945 2248 985 2302 in·
1000 2248 1137 2318 infirmus,
1156 2249 1310 2320 instabilis,
1331 2251 1372 2306 in·

264 2336 374 2391 stabilis
587 2373 589 2378 .
650 2340 742 2392 certus
1036 2339 1129 2393 certus

227 2426 349 2493 illaesus,
368 2425 505 2493 innoxius,
522 2425 598 2481 inno·
613 2425 730 2494 inlesus,
749 2424 890 2494 innoxius,
908 2425 985 2480 inno·
1000 2425 1113 2495 inlesus,
1134 2427 1270 2498 innoxius,
1293 2429 1372 2484 inno-

265 2531 309 2569 ces
650 2532 729 2583 cuus,
748 2513 880 2569 innocens
1037 2532 1116 2583 cuns,
1135 2515 1266 2572 innocens

228 2603 389 2659 sollicitudo
614 2603 742 2659 oecitudo
1000 2604 1095 2658 citudo
1118 2605 1176 2676 [sed
1194 2611 1258 2661 ante
1276 2607 1372 2662 citudo

275 2707 279 2716 ·
1034 2695 1155 2761 spatium
1169 2696 1258 2749 triam.
1268 2697 1372 2751 littero·

195 2839 199 2844 ,
1034 2798 1109 2850 ram,
1128 2799 1222 2852 nempe
1241 2784 1303 2855 cae]

227 2874 410 2943 incogitatus,
426 2872 598 2927 inconsultus
613 2869 779 2940 incogitans,
798 2869 971 2924 inconsultus
998 2869 1164 2940 incogitans‚
1183 2871 1356 2929 inconsultus

227 2965 336 3034 glaber,
356 2961 493 3017 delicatus
612 2960 724 3030 glauer‚
743 2959 882 3014 delicatus
999 2957 1108 3028 glauer‚
1128 2958 1266 3015 delicatus

226 3091 339 3175 Itaque
364 3088 551 3172 Stephani
579 3087 700 3152 editio
732 3108 748 3150 e
777 3086 906 3152 codice
930 3085 1176 3164 Laudunensi
1209 3089 1371 3156 fluxisse

227 3219 302 3263 non
324 3197 464 3280 potest.
509 3194 621 3260 Fluxit
643 3194 753 3278 potius
778 3214 794 3257 e
818 3192 925 3258 codice
949 3193 1093 3258 eiusdem
1116 3194 1270 3279 glossarii
1293 3219 1369 3280 pau·

226 3305 329 3368 lulum
361 3303 507 3368 breviato
536 3339 577 3349 „
605 3300 670 3365 nisi
701 3300 787 3364 forte
819 3300 888 3383 ipse
920 3297 1105 3383 Stephanus
1138 3300 1265 3385 glossas
1296 3303 1370 3368 illas
1472 3353 1474 3356 -

139 3394 147 3402 .
212 3411 343 3490 ,ἀβαρέε
362 3413 395 3473 et
413 3408 610 3489 ἀβάεκαντον
635 3406 746 3485 omisit
766 3440 822 3490 -‚
845 3406 935 3470 cuius
959 3406 1137 3489 scripturae
1160 3408 1306 3491 proxime
1330 3409 1371 3474 ad

228 3516 491 3601 antiquissimum
514 3515 727 3580 Harleianum
751 3512 946 3580 accedebant
972 3505 1173 3598 multumque
1201 3514 1369 3580 aLaudu-

225 3624 319 3690 nensi
343 3623 581 3708 discrepabant.

300 3800 319 3869 ι)
338 3798 434 3854 sesua
452 3798 623 3868 dynamidia.
660 3773 893 3866 Dyna'midiorum
912 3795 981 3850 suos
1001 3793 1087 3849 naas
1106 3794 1139 3850 A.
1158 3795 1216 3856 na
1234 3794 1323 3850 ensa
1340 3796 1369 3851 a
1462 3805 1463 3808 Ν

227 3887 266 3943 01.
285 3889 367 3943 Auot.
390 3889 411 3943 t.
430 3887 482 3942 Vll
504 3906 532 3958 p.
552 3891 702 3941 aee-458
731 3903 745 3940 e
769 3883 911 3940 codicibus
934 3882 1091 3953 Vaticanis,
1120 3883 1222 3954 quibus
1247 3886 1369 3955 quinque

225 3978 311 4033 libros
330 3975 466 4031 contineri
484 3977 526 4032 ait
544 3974 725 4046 praefationis
743 3993 770 4045 p.
785 3973 819 4029 X.

299 4066 320 4138 ²)
338 4065 442 4122 Verum
461 4067 503 4122 est
521 4065 545 4119 si
563 4081 581 4119 a
596 4063 689 4133 prima
706 4053 814 4134 glossa,
833 4080 918 4133 quam
937 4081 987 4134 pro
1007 4063 1124 4120 arbitrio
1143 4080 1193 4120 suo
1210 4063 1368 4134 Stephanus

223 4157 386 4210 immutasse
403 4154 516 4210 videtur
534 4156 610 4223 (nam
629 4152 714 4209 etiam
728 4143 788 4208 eod.
803 4152 1008 4222 Laurentianus
1027 4169 1110 4222 quem
1128 4149 1194 4207 mo'x
1212 4151 1368 4208 describam

224 4247 264 4301 sie
285 4244 398 4314 incipit:
433 4244 641 4312 ‘(A)ssdxxeoroc
663 4242 878 4312 imbacchatus’)
902 4243 931 4296 et
953 4243 988 4296 ab
1015 4242 1055 4297 eis
1081 4259 1153 4312 quae
1180 4242 1228 4296 ille
1256 4243 1368 4298 omnino

225 4333 321 4390 omisit
338 4332 492 4389 recesseris.
524 4331 637 4388 Glossas
657 4331 730 4387 enim
745 4347 817 4402 quae
831 4331 907 4401 apud
922 4347 986 4387 sum
1000 4330 1100 4386 desunt
1113 4331 1280 4386 Harleionns
1300 4347 1367 4401 quo-

226 4439 281 4494 qne
300 4421 421 4478 exbibet.
