3232 5122
653 304 896 367 -217-

205 488 270 530 non
293 465 383 528 nulla
405 464 635 529 interciderint.
681 462 808 527 Desunt
830 486 945 547 nempe
973 463 1131 529 vocabula
1159 464 1199 528 ab
1224 462 1349 545 (clx-l)

206 570 280 637 ἀλλ·
310 571 440 653 (utu-r)
467 571 542 636 dlo-
567 571 642 636 ἀλυ-
667 571 750 635 dtur·
775 569 853 650 ἀμα-
878 571 954 650 ἀμβ-
978 569 1052 649 ἀμε-
1077 569 1154 649 ἀμη-
1179 570 1247 650 ἀμι-
1271 570 1348 649 ἀμο-

205 679 285 758 ἀμπ-
302 677 378 757 ἀμυ-
394 676 477 757 ἀμφ·
492 677 569 762 ἀγα·
588 677 786 762 incipientia.
820 676 950 761 Reliqui
965 676 1089 741 codices
1109 677 1165 741 illo
1184 677 1256 740 loco
1271 698 1349 739 num

204 786 283 849 item
301 785 448 850 lacunosi
463 785 528 848 sint
541 785 665 850 nescio:
684 786 776 868 patet
790 788 900 847 autem
918 783 1014 849 huius
1033 785 1166 848 lacunae
1186 805 1246 867 ope
1266 782 1350 846 codi-

205 913 276 955 cum
292 891 378 957 inter
393 913 426 955 se
440 891 710 956 necessitudinem
720 894 757 954 ut
770 890 818 954 ita
827 889 932 955 dicam
946 891 1042 956 facile
1055 889 1232 955 examinari
1245 911 1350 972 posse.

293 997 334 1062 ΙΙ.
368 995 494 1083 cyrilli·
509 998 668 1081 glossario
697 998 899 1062 simillimum
929 998 993 1064 fuit
1019 996 1111 1076 illud,
1146 997 1235 1061 cuius
1264 996 1350 1081 quod

205 1105 375 1190 parvulum
398 1104 616 1190 fragmentum
639 1108 766 1169 tantum
791 1108 955 1169 servatum
979 1106 1028 1169 est
1057 1104 1275 1188 maximopere
1298 1102 1351 1167 do-

205 1214 316 1276 lemus.
359 1210 393 1276 O.
417 1210 447 1276 S.
471 1213 658 1278 Theodorus
681 1211 789 1276 Bernd
812 1212 846 1275 in
870 1210 1141 1276 commentatione
1165 1208 1351 1274 ‘Merliwtir

206 1318 296 1402 diges
332 1317 413 1381 altes
445 1316 649 1382 Bruchstiick
681 1317 768 1382 eines
802 1316 1224 1402 griechisoh-lateinischen
1257 1314 1350 1380 Glos-

206 1423 288 1488 sarii
307 1424 342 1488 in
364 1423 462 1488 Kbln'
485 1423 648 1489 Weleheri
671 1427 704 1488 et
725 1423 843 1488 Naehii
865 1422 948 1487 Mus.
967 1422 1070 1488 Rhen.
1089 1427 1111 1487 t.
1131 1423 1162 1487 V
1186 1420 1228 1507 (a.
1251 1421 1350 1508 1837)

206 1554 236 1614 p.
260 1531 443 1595 301-329
473 1531 596 1596 inserta
625 1532 841 1596 bibliothecae
869 1531 1102 1596 Walraffianae
1133 1532 1366 1664 fragmentum·

208 1635 431 1724 Coloniense¹l
456 1638 555 1702 edidit
578 1639 672 1703 unius
696 1638 768 1703 folii
787 1639 830 1704 80
853 1639 980 1723 glossas
1004 1638 1242 1723 graecolatinus
1266 1658 1351 1702 com·
1486 1675 1492 1683 ·

207 1743 447 1826 prehendentis‚
471 1744 544 1810 inde
569 1768 601 1810 a:

341 1888 638 1970 [ansuinum
679 1885 1110 1969 [mrsuanlrnmulr

340 1995 593 2059 ΠΑΡΑΧΡΗΜΑ
675 1990 913 2058 uxruuruo

341 2101 590 2167 ΠΑΡΑΧΡΑτΑι
678 2098 881 2165 concurr
1239 2131 1244 2140 -

340 2207 593 2305 nuenarius
678 2204 1260 2272 euunul'roauaomsrauus

340 2314 617 2380 uacuxosucu
679 2311 856 2379 causan
1326 2287 1335 2308 '

207 2459 309 2522 usque
333 2438 386 2504 ad:

270 2565 467 2630 ΠΑΡΟΔΟ(
507 2563 937 2632 TRANSITUSITERUIA

270 2673 502 2739 ΠΑΡΟΔΙΚΩ(
541 2669 1354 2773 PulcrumTORIETRANSLATIOIEPRAE-

626 2778 866 2845 TERITIONE

272 2887 642 2953 ΠΑΡΟΔΟΕΠΛΟΙΟΥ·
665 2885 787 2951 AGEA
1376 2951 1380 2962 ,

271 2994 658 3060 ΠΑΡΟΙΚΕΙΠΡΟΕΟΙΚΕΙ
683 2989 1354 3058 ADABITATINPROXIMEHABITAT

144 3135 147 3142 ·
202 3121 206 3126 ·
271 3101 487 3192 ΠΑΒΟΙΜΕΙΑ
528 3097 1167 3165 PROBERBIUMADAGIOAMBITIO

210 3241 294 3306 Folii
313 3241 451 3306 materia
473 3262 618 3325 papyrus
643 3244 692 3306 est
707 3242 764 3322 vvel
787 3263 912 3326 papyro
938 3241 1068 3325 similis,
1093 3242 1221 3306 litterae
1245 3242 1353 3306 uncia-

107 3369 110 3376 ’
210 3348 266 3412 les.
306 3345 469 3431 Scriptum
492 3347 620 3412 videtur
637 3346 780 3412 Berndio
804 3347 835 3411 V
853 3349 904 3412 vel
923 3347 969 3411 VI
994 3348 1130 3412 saeculo,
1166 3347 1354 3413 Enumero

211 3451 347 3536 ‘cyrilli'
371 3454 553 3538 glossarum
576 3453 617 3517 ad
641 3453 776 3517 eandem
799 3452 965 3536 alphabeti
988 3454 1115 3537 partem
1139 3454 1355 3537 spectantium

209 3561 305 3624 facile
328 3564 377 3624 est
400 3559 440 3624 ad
464 3558 716 3643 computandum
739 3559 902 3642 integrum
926 3559 1120 3643 glossarium
1148 3561 1177 3624 si
1199 3582 1266 3626 non
1289 3582 1355 3625 am·

210 3667 334 3752 plioris,
358 3669 500 3732 atcerte
524 3666 666 3730 eiusdem
689 3665 790 3730 fuisse
814 3665 903 3731 ouius
919 3663 1058 3748 ‘cyrilli'
1083 3667 1235 3731 ambitus.
1271 3666 1356 3732 Illud

211 3779 319 3840 autem
338 3774 424 3838 inter
441 3773 608 3857 utriusque
629 3773 783 3857 glossarii
806 3772 949 3837 indolem
968 3772 1140 3852 discrimen
1158 3773 1355 3838 intercedere
1395 3841 1407 3860 Ι

211 3879 350 3963 videtur,
374 3880 459 3964 quod
478 3880 513 3945 in
530 3879 716 3964 fragmento
731 3878 919 3946 Coloniensi
938 3880 1063 3946 rariora
1078 3883 1155 3945 sunt
1172 3902 1356 3964 synonyma

285 4162 304 4232 ¹)
323 4162 411 4217 Huius
429 4162 580 4232 fragmenti
598 4163 756 4232 exemplum
778 4160 918 4217 Theodori
932 4161 1024 4217 Bernd
1043 4180 1128 4216 manu
1146 4160 1355 4217 accuratissime

210 4251 395 4322 perscriptum
418 4253 533 4307 membr.
557 4251 677 4307 infolio
700 4252 774 4307 inter
795 4252 984 4308 bibliothecae
1009 4251 1185 4308 academicae
1203 4250 1356 4305 Bonnensis

211 4339 398 4411 chirographa
417 4343 509 4396 exstat
526 4359 552 4394 n.
569 4347 615 4395 82:
634 4359 660 4395 v.
677 4341 800 4412 catalogi
819 4342 854 4396 ab
873 4340 995 4397 Antonio
1013 4341 1106 4396 Klette
1125 4338 1274 4410 compositi
1292 4356 1354 4412 par-

211 4429 329 4484 ticulam
347 4429 360 4484 I
377 4431 490 4487 Bonnae
509 4447 533 4487 a.
550 4435 618 4486 1868
638 4429 680 4484 ed.
699 4448 726 4500 p.
743 4437 783 4487 18.
