3178 5122
715 347 935 412 „26-

362 507 513 571 Vulcanii
550 507 688 571 editione
725 507 772 571 ita
812 506 913 572 videri
953 506 1160 589 translatam,
1201 508 1238 568 ut
1275 507 1396 570 multas

361 614 515 680 Pithoeus
539 615 669 679 omnino
700 635 767 678 non
794 614 963 698 reciperet,
992 634 1128 696 quacum
1158 612 1284 677 ratione
1308 613 1397 678 ‘Ex-

361 725 493 806 cerpta
515 721 716 806 Pythoeana’
740 721 854 785 titulus
878 720 999 804 optime
1024 719 1187 803 congruit3

299 823 334 912 2)
357 828 411 892 hie
425 828 492 892 illic
503 828 648 893 codicum
662 849 762 892 manu
777 828 968 912 scriptorum
980 847 1073 910 opem
1087 825 1188 890 videri
1203 827 1395 912 adhibitam,

300 933 334 1020 3)
357 957 460 1001 novas
485 936 613 1020 glossas
637 957 814 1020 perpaucas
839 955 1032 1017 comparere.

249 1059 339 1125 Haec
363 1059 491 1144 quidem
511 1060 594 1124 ratio
614 1060 695 1124 nihil
713 1059 777 1123 nisi
794 1057 947 1122 Vulcanii
970 1060 1002 1122 et
1020 1055 1148 1122 Pithoei
1166 1059 1323 1124 editiones
1343 1061 1395 1124 ad-

249 1167 375 1231 hibenti
393 1165 473 1230 mihi
489 1156 651 1250 apparuit:
669 1188 736 1231 non
756 1163 992 1252 ausemfalsa1)
1011 1187 1061 1228 me
1076 1166 1270 1230 conclusisse
1283 1169 1396 1251 postea

250 1273 396 1357 cognovi,
416 1294 488 1336 cum
502 1294 660 1338 novorum
679 1273 894 1337 subsidiorum
915 1294 975 1356 ope
994 1295 1075 1356 quae
1096 1274 1213 1339 horum
1233 1278 1394 1358 excerpto-

250 1403 322 1444 rum
349 1379 475 1444 indoles
504 1383 588 1444 esset
615 1381 811 1465 indagarem.
858 1378 920 1444 Sed
947 1379 1135 1464 priusquam
1163 1403 1199 1445 eo
1228 1382 1395 1465 pervenia-

250 1510 331 1571 mus,
355 1492 533 1552 ceterorum
556 1488 701 1568 virorum,
719 1487 887 1551 doctorum
907 1485 1063 1550 editiones
1087 1489 1119 1550 et
1138 1487 1244 1552 studia
1267 1489 1301 1553 in
1324 1511 1393 1572 per·

249 1594 338 1658 miris
361 1593 411 1657 his
436 1573 641 1678 ‘quisquiliis’
666 1595 822 1659 collocata
844 1593 1075 1677 perlustramus
1099 1616 1230 1660 necesse
1255 1598 1312 1661 est.

339 1699 535 1764 Vulcanium
549 1699 709 1765 Batavum
724 1704 756 1764 et
771 1699 1006 1765 Gothofredum
1021 1699 1238 1787 Pithoeosque
1252 1703 1393 1768 Franco-

251 1807 355 1890 gallos
394 1807 537 1891 sequitur
569 1807 733 1892 Hispanus
767 1806 812 1871 10.
839 1805 1021 1872 Ludcvicus
1054 1808 1097 1871 de
1129 1809 1167 1872 la
1200 1807 1319 1874 (lerda
1357 1809 1393 1874 ‘e

249 1913 401 1977 societate
438 1913 538 1998 Iesu',
576 1914 631 1998 qui
669 1911 952 1990 ‘Adversariorum
990 1911 1204 2000 sacrorum'2)
1222 1933 1225 1940 ·
1242 1939 1269 1980 a.
1309 1917 1392 1982 1626

249 2019 400 2103 Lugduni
428 2021 587 2085 editorum
615 2022 721 2111 capita
749 2019 850 2084 CXLI
878 2025 911 2086 et
934 2019 1051 2085 CXLII
1079 2019 1122 2104 (p.
1151 2023 1393 2104 317a-339b)

248 2125 365 2190 Isidori
388 2128 507 2211 glossis
536 2129 722 2206 destinavit,
750 2129 797 2191 ita
823 2132 861 2192 ut
888 2129 993 2212 priore
1017 2128 1122 2211 capite
1149 2126 1283 2212 paene³)
1311 2130 1392 2194 inte-

248 2253 341 2316 gram
364 2232 516 2298 Vulcanii
543 2234 717 2299 editionem
745 2238 916 2319 repeteret,
947 2236 1049 2299 altero
1074 2257 1183 2299 omnes
1211 2235 1286 2300 illas
1313 2260 1392 2321 quas

246 2341 451 2424 transcripsit
483 2343 610 2426 glossas
646 2377 684 2386 —
719 2345 795 2405 sunt
827 2344 935 2405 autem
965 2343 1028 2406 527
1068 2377 1111 2387 —
1144 2342 1329 2407 emendaret
1360 2351 1393 2408 ct

248 2450 419 2511 enarraret.
456 2447 632 2531 Propterea
651 2451 758 2512 autern
778 2448 903 2532 glossas
927 2448 999 2511 illas
1023 2447 1058 2511 in
1078 2447 1260 2512 adversaria
1283 2472 1391 2516 sacra

246 2553 386 2638 recipere
424 2577 517 2619 suum
553 2555 679 2639 putavit
712 2555 809 2639 quod,
842 2553 919 2637 quin
950 2552 1067 2616 Isidori
1103 2554 1164 2617 viri
1197 2557 1392 2622 sanctissimi

251 2663 360 2724 essent
387 2683 453 2729 non
483 2663 648 2747 dubitans,
675 2663 710 2726 in
733 2663 827 2727 huius
856 2683 989 2745 operum
1017 2659 1212 2725 editionibus
1242 2686 1295 2728 eas
1319 2688 1391 2742 ,non

248 2854 329 2908 huot.
345 2854 411 2908 Vlll
429 2875 455 2925 p.
471 2862 547 2911 401a
564 2857 666 2910 hausta
681 2857 735 2911 est:
756 2855 929 2924 ‘officiperdi
948 2871 1050 2908 nomen
1068 2854 1265 2911 indeclinabile
1286 2859 1310 2911 .i.
1331 2859 1390 2912 offi-

247 2941 321 2994 cium
339 2944 468 3012 perdens,
488 2945 545 3013 qui
564 2945 672 2999 scilicet
694 2961 753 3014 pro
773 2962 831 2999 suo
849 2945 966 2998 labore
990 2961 1055 2998 non
1074 2944 1178 2998 habet
1196 2963 1390 3002 remunera-

246 3029 385 3085 tionem.
429 3033 525 3088 Cato:
549 3051 618 3102 qaae
640 3035 737 3088 dicuat
756 3035 928 3102 officiperdi?
971 3035 1023 3088 Est
1045 3051 1111 3088 sane
1134 3033 1203 3087 Cato
1226 3036 1390 3102 personatus

246 3119 294 3187 IV,
314 3126 347 3174 42
367 3139 395 3190 p.
415 3128 466 3176 316
486 3123 529 3176 ed.
548 3124 656 3177 Arata:
674 3125 781 3193 gratior
799 3125 912 3191 officiis,
931 3141 984 3192 quo
1002 3125 1041 3178 sis
1058 3141 1135 3193 mapa
1153 3123 1252 3189 carior,
1271 3129 1339 3177 esto:
1357 3143 1390 3178 ac

245 3225 343 3262 nomen
360 3210 457 3264 subeas
480 3213 552 3279 quod
569 3212 673 3265 dicitur
693 3212 878 3281 ‘officiperdt'.
920 3213 985 3266 Non
1007 3212 1097 3281 magis
1116 3229 1284 3281 anonymum
1304 3230 1389 3280 queu-

245 3295 323 3362 dam,
349 3296 448 3364 quiin
473 3299 647 3367 praefatione
672 3299 761 3354 Stichi
788 3317 806 3354 a
829 3302 860 3354 F.
883 3300 1036 3355 Bitschelio
1061 3300 1154 3354 editae
1176 3319 1204 3370 p.
1230 3302 1331 3356 XXXb
1354 3305 1389 3356 ad

245 3385 416 3440 Bacchidunr
436 3407 460 3440 v.
481 3394 532 3442 889
557 3389 746 3454 coafdssiorcm
768 3390 889 3444 sdriciaa
911 3391 996 3444 acaia
1019 3391 1050 3443 ut
1072 3407 1176 3443 novum
1198 3391 1389 3446 testimonium

244 3475 363 3542 protulit
380 3477 433 3529 hoc
449 3477 872 3546 exce1ptorumPithoeanorum
892 3498 918 3547 p.
935 3485 967 3534 67
988 3478 1223 3534 additamentum:
1245 3480 1388 3535 ‘murrircz

245 3564 380 3632 clamare,
411 3565 528 3620 soricum
558 3567 659 3620 naenia
686 3565 787 3621 Plauto
798 3568 815 3637 ’,
844 3569 949 3622 collata
978 3570 1086 3638 glossae
1113 3570 1189 3638 apud
1221 3569 1387 3624 Vulcanium

244 3672 271 3723 p.
292 3661 352 3722 686,
372 3663 405 3709 42
425 3656 517 3710 forma
535 3658 662 3722 ocarrtre,
682 3655 807 3723 cloorurc,
821 3660 936 3726 proprie
954 3660 1074 3712 mariam
1094 3676 1208 3728 sequor..

318 3746 337 3812 ¹)
359 3745 533 3814 Quamquam
554 3763 609 3799 non
628 3763 661 3799 ex
679 3746 816 3800 Vulcania
835 3747 992 3802 Pithoeana
1009 3749 1111 3802 hausta
1129 3751 1201 3804 sunt.

317 3833 336 3902 2)
356 3832 434 3886 Libri
453 3834 558 3888 titulus·
572 3836 627 3888 est:
649 3835 878 3889 ‘Adversaris
898 3837 1012 3904 Sacra,
1033 3855 1103 3906 opus
1121 3837 1229 3891 varium
1248 3857 1281 3893 ac
1300 3839 1385 3893 velut'

243 3922 289 3975 fax
310 3922 347 3976 ad
365 3922 456 3975 lucem
476 3940 561 3990 quam
579 3923 731 3978 multorum
750 3925 875 3979 locorum
890 3925 1034 3994 utriusque
1052 3927 1241 3993 Instrumenti,
1260 3928 1386 3982 Patrum-

242 4027 296 4078 quc
316 4013 344 4066 et
360 4011 532 4080 Scriptorum
551 4029 791 4082 quorumcunque:
812 4012 986 4068 Christianae
1001 4015 1180 4083 antiquitatis
1199 4017 1228 4070 ct
1246 4033 1388 4070 sacrorum

243 4099 347 4154 rituum
366 4101 531 4170 pancarpia;
550 4101 689 4170 politioris
708 4102 828 4171 denique
846 4103 1009 4158 literaturae
1027 4104 1175 4159 thesaurus
1193 4105 1360 4174 multiplex!

317 4190 336 4258 ³)
355 4190 470 4244 Velutb
490 4190 601 4245 litterae
621 4191 728 4260 glossas
749 4192 865 4261 repetiit
885 4210 980 4247 omnes
998 4196 1110 4262 praeter
1128 4195 1290 4248 lacunosam
1307 4195 1386 4248 illam

242 4277 374 4332 Vulcanii
392 4297 418 4346 p.
440 4285 500 4347 671,
520 4286 553 4333 29
573 4280 631 4347 Brj
631 4321 772 4336 ......
791 4283 824 4335 de
841 4283 960 4351 tesseris,
984 4283 1094 4352 glossae
1113 4303 1140 4353 p.
1162 4288 1226 4350 671,
1246 4289 1279 4336 22
1305 4283 1387 4336 Basi-

242 4370 309 4423 lides
322 4369 470 4436 palatinus
488 4370 573 4439 borao,
593 4370 664 4441 ἀνὴρ
682 4375 733 4438 τῆ(
753 4371 885 4442 satiricos
905 4373 931 4430 a'.
951 4374 983 4430 de
1002 4374 1068 4428 cula
1086 4377 1163 4445 repta
1182 4375 1268 4428 verba
1287 4390 1387 4443 graeca
1427 4411 1432 4420 ·

242 4456 342 4518 omisit,
