3178 5122
660 357 876 424 ..19-

193 518 449 604 perlustrantem
483 520 536 585 vix
568 523 601 584 te
633 519 768 605 ingerit,
802 521 985 604 glossarum
1018 515 1179 602 exquisita
1212 517 1342 582 vetusta

194 628 339 711 pretiosa
366 630 405 691 ut
437 626 484 692 ita
517 627 622 692 dioam
655 628 814 692 voeabula
847 626 1069 691 exhibentium
1098 630 1150 691 sat
1182 648 1278 710 saepe
1308 626 1342 689 in

195 734 367 818 glossariis
390 733 502 817 paria
525 755 595 798 esse
618 733 754 817 tradita3
778 735 868 798 velut
891 733 1076 798 memineris
1101 733 1228 817 glossas
1251 733 1341 799 illas:

192 842 371 906 arooloauo:
401 841 545 924 circulus,
574 861 663 922 quem
690 842 726 906 ia
753 843 851 924 capite
877 842 989 906 habeat
1014 842 1069 922 qui
1098 846 1245 922 augarum
1265 861 1343 905 oasa

194 951 228 1011 et
250 948 390 1012 areatas:
415 947 556 1027 eirardus
578 949 660 1029 quod
681 948 793 1030 ubique
810 953 925 1032 arceat
949 949 1140 1014 eorinaates:
1163 947 1341 1026 inludenter,

193 1056 360 1120 invidentes
375 1060 407 1118 et
428 1056 618 1120 carinantes:
642 1060 834 1139 admittentem
857 1056 1034 1120 musmones:
1063 1053 1117 1136 qui
1132 1054 1208 1136 plus
1225 1075 1343 1136 vespere

192 1164 274 1226 uidet
302 1168 334 1226 et
360 1163 531 1228 aosoiomm:
563 1164 618 1244 qui
639 1163 749 1228 melias
776 1157 895 1245 vespere
916 1162 1010 1247 videt3
1037 1161 1203 1226 stirillum:
1232 1182 1343 1244 caprae

195 1269 292 1333 barba
315 1271 348 1333 et
369 1269 537 1334 sterilium:
565 1270 661 1334 barba
683 1271 718 1334 de
745 1290 848 1353 capra.
898 1268 1012 1353 Neque
1037 1268 1131 1333 aliter
1156 1271 1343 1352 comparata

194 1380 245 1440 est
269 1376 348 1440 satis
372 1396 492 1460 magna
516 1377 658 1460 optimae
681 1381 779 1442 notae
804 1377 987 1460 glossarum
1010 1398 1100 1461 pars,
1129 1373 1219 1439 velut
1243 1375 1342 1440 etiarn

193 1483 270 1566 hae,
294 1505 429 1566 quarum
452 1484 642 1548 testimonia
665 1484 750 1548 infra
774 1485 840 1549 suis
863 1484 945 1548 locis
969 1481 1187 1567 proferentur:
1214 1483 1341 1547 adusta:

194 1591 259 1654 ovis
281 1591 382 1654 orator
403 1595 482 1654 notu
509 1595 542 1655 et
569 1593 696 1656 adusta:
726 1592 791 1656 ovis
813 1592 915 1656 maior
937 1611 1015 1672 quae
1031 1589 1165 1674 peperit3
1193 1589 1341 1671 agmpput

194 1697 249 1778 qui
283 1697 320 1761 in
344 1699 438 1779 pedes
469 1699 608 1763 easdam
638 1701 670 1762 et
702 1699 850 1781 apreppoz
886 1699 941 1779 qui
967 1699 1002 1761 in
1028 1697 1159 1778 pedibus
1189 1696 1341 1777 adscitam

193 1805 357 1869 noneolae:
381 1805 548 1889 tutacula,
576 1827 654 1887 quae
675 1806 731 1870 aab
757 1811 857 1870 meato
884 1826 996 1887 oaprae
1023 1809 1097 1869 suat
1120 1809 1153 1867 et
1180 1802 1341 1867 noneolas:

188 1913 285 1994 pubes
307 1932 487 1996 capraram
510 1913 667 1994 vapumit:
689 1913 866 1994 parotium
888 1916 1020 1994 vagatur
1043 1914 1075 1974 et
1097 1911 1254 1992 supererit:
1282 1910 1342 1972 otio
1388 1989 1392 1998 ι

194 2021 321 2102 deperit,
348 2024 447 2102 vaput.
497 2017 574 2083 Non
601 2041 681 2102 opus
711 2022 760 2082 est
787 2018 882 2102 plura
910 2018 1058 2102 exempla
1086 2005 1216 2082 addere:
1246 2038 1342 2081 unum

196 2131 308 2191 tamen
331 2129 383 2190 sat
405 2126 615 2190 memorabile
639 2127 900 2210 praetermittere
923 2127 1009 2191 nolo.

328 2267 354 2332 Ι,
399 2269 582 2333 Ninnarus:
610 2270 722 2353 morie,
754 2270 841 2333 euius
866 2290 947 2334 arnor
969 2268 1161 2334 moechatur:
1188 2269 1254 2350 ipse
1283 2268 1342 2332 seit

373 2381 402 2439 et
424 2381 508 2440 tacet.
516 2373 541 2462 ¹)

196 2517 439 2584 Reoouoinuavi
463 2518 607 2603 glossam
630 2540 669 2583 ex
691 2519 780 2584 hisee
803 2519 962 2584 frustulis:

233 2640 397 2694 Niauarus:
415 2641 518 2696 morior
536 2641 596 2695 cod.
616 2640 838 2709 Amplonianus²
855 2659 882 2710 p.
902 2647 963 2710 355,
983 2648 1025 2696 26.

230 2728 395 2784 Ninuarusz
427 2730 546 2796 morio,
571 2732 651 2784 ouius
673 2746 745 2783 uxor
770 2731 925 2785 moechatur
947 2737 972 2785 et
994 2735 1077 2784 tacet:
1105 2730 1165 2783 aod.
1189 2728 1343 2783 Vaticanus

286 2825 354 2872 3321
374 2818 394 2872 f.
414 2824 486 2872 103Υ
508 2844 542 2864 =
564 2819 623 2872 Mai
646 2817 685 2872 VI
707 2836 735 2887 p.
756 2823 832 2874 535a
855 2820 1017 2888 (dianerius
1037 2859 1042 2873 .
1063 2860 1069 2872 .
1089 2858 1095 2871 .
1114 2821 1252 2890 orcamp
1281 2817 1341 2871 aod.

284 2907 429 2962 Palatinus
450 2913 517 2961 1773
536 2907 555 2960 f.
576 2912 647 2960 207ν
666 2933 700 2952 =
718 2907 777 2961 Mai
795 2907 847 2961 VII
866 2925 892 2976 p.
913 2908 988 2962 orob
1008 2909 1111 2975 (marro
1127 2949 1132 2961 .
1149 2947 1176 2961 ..
1196 2907 1341 2974 mecatar);

286 2997 368 3065 gloss.
383 2995 540 3050 Salomonis
558 2995 578 3052 f.
599 2995 689 3050 140¹b
708 2996 808 3064 (munio
823 3038 829 3050 .
845 3038 851 3050 .
868 2997 1050 3065 .meolrotur);
1070 2995 1172 3064 Papias
1186 2996 1342 3064 (nimaarus

284 3087 397 3153 mmio);
423 3085 506 3154 gloss.
525 3085 625 3140 Isidori
643 3104 670 3155 p.
691 3091 756 3153 688,
775 3092 809 3140 26
829 3086 1012 3153 (minuamaak
1037 3085 1096 3138 cod.
1122 3083 1266 3139 Leidensis
1280 3084 1341 3139 otu

285 3175 304 3229 f.
320 3180 391 3229 3710
410 3175 509 3244 (mario
525 3215 531 3228 .
547 3215 553 3228 .
569 3217 575 3229 .
589 3175 751 3243 medeatur);
775 3174 836 3228 cod.
851 3173 997 3228 Bamensis
1010 3179 1063 3227 224
1081 3172 1100 3227 f.
1116 3180 1204 3229 21710
1223 3174 1342 3243 (mario).

231 3266 395 3320 Ninnarusz
420 3264 499 3318 adas
521 3279 593 3318 naor
615 3264 768 3328 merlotum
794 3263 858 3317 soit
883 3268 907 3316 et
930 3267 1010 3317 tacet:
1035 3263 1096 3318 cod.
1120 3261 1342 3332 Amplonianus¹
1374 3325 1377 3331 Ι

285 3372 313 3423 p.
338 3360 406 3422 354,
430 3359 476 3421 703
503 3353 563 3408 ood.
586 3339 807 3422 Amplonianus²
833 3371 860 3422 p.
884 3358 951 3421 386,
976 3359 1011 3406 24
1034 3353 1202 3421 (nimnarasz
1231 3357 1255 3404 et
1274 3356 1343 3405 tacet

286 3443 378 3498 verbis
397 3443 524 3512 omissis).
1073 3469 1076 3478 ’

233 3534 398 3587 Ninnarusz
422 3533 518 3598 nitrio,
542 3533 621 3586 cuias
644 3547 716 3586 uxor
738 3532 908 3597 moechatum
930 3532 1002 3600 ipse
1024 3535 1105 3584 taret:
1128 3530 1213 3600 gloss.
1232 3528 1341 3584 Arabio.

288 3640 313 3690 p.
334 3626 395 3688 ror,
415 3628 457 3676 53.

331 3748 373 3815 ΙΙ.
410 3750 592 3814 Ninnaras:
615 3750 722 3833 morio,
745 3751 832 3814 ouius
850 3769 932 3813 uxor
950 3749 1112 3830 adulterat,
1130 3749 1241 3828 etipse
1259 3751 1341 3811 tacet.

288 3872 347 3927 aod.
368 3871 558 3940 sangallensis
577 3877 628 3925 912
648 3889 675 3940 p.
697 3877 747 3926 178
767 3872 884 3940 (mario).

256 4000 261 4012 '
288 3999 426 4063 Prorsus
441 3998 654 4082 idemeston,
669 3998 755 4082 quod
769 4001 875 4062 totam
886 3997 1117 4081 glossariorum
1132 3998 1259 4080 copiam
1273 4019 1342 4080 per·

199 4106 357 4170 scrutanti
375 4127 440 4169 non
459 4109 569 4188 potest
586 4127 652 4170 non
671 4106 801 4170 evidens
824 4127 904 4188 esse,
928 4105 1026 4168 etiam
1046 4105 1080 4167 in
1099 4103 1229 4187 singula
1247 4125 1342 4187 quae-

199 4215 274 4280 dam
297 4213 458 4297 glossaria
481 4213 577 4297 eadit,
600 4235 672 4277 oum
694 4236 759 4278 non
782 4213 880 4297 nulla,
904 4212 987 4276 siout
1009 4210 1134 4292 affatim
1157 4197 1286 4294 glossa'a
1310 4214 1343 4273 et

199 4393 261 4402 ι--ι
268 4395 310 4400 --
319 4393 411 4400 --.--—-

274 4494 293 4567 ¹)
313 4494 384 4550 Vide
404 4495 536 4550 Ottonem
555 4495 625 4550 lalm
643 4495 731 4550 Musei
751 4495 878 4550 Rhenani
896 4496 916 4550 t.
936 4495 976 4550 VI
996 4494 1030 4562 (a,
1052 4497 1131 4563 1818)
1150 4512 1177 4564 p.
1197 4498 1257 4547 477.

1096 4582 1130 4638 2*
