3222 5122
665 327 700 338 —
750 290 904 356 305-

301 445 406 511 Multo
439 449 641 514 accuratiora
672 450 712 514 de
742 450 804 515 hac
837 471 914 514 voce
947 471 964 514 e
992 447 1162 534 glossariis
1196 447 1358 512 discimus.

213 549 310 633 Apud
337 551 551 619 Philoxenum
580 555 655 620 sane
683 578 714 639 p.
734 556 790 639 34,
805 555 848 620 50
878 554 979 620 habes
1007 556 1153 620 carisa:
1182 557 1358 638 μᾳυλιετήε,

107 731 112 740 ,
213 660 444 741 πορνοβοεκόεε
469 662 525 726 sed
544 663 916 746 aliainterprelamenla
933 661 968 726 in
992 661 1111 746 glossis
1131 681 1217 724 mere
1237 660 1359 735 latinis.

257 787 381 851 corase:
408 792 492 852 veros
520 789 590 852 leno
611 789 797 872 percollido,
824 789 904 851 uode
927 792 956 852 et
977 787 1012 851 iu
1034 787 1129 851 mimo
1155 786 1282 858 follares
1304 808 1371 850 aa·

372 894 461 958 cilloe
483 893 564 959 ‘coto
586 892 745 980 ausia'l)
769 894 965 977 appellamur

302 1011 464 1068 Placidus
481 1033 509 1084 p.
529 1021 572 1084 27,
588 1021 634 1070 17:
654 1015 688 1070 cf.
707 1014 766 1070 Mai
785 1017 824 1073 III
842 1033 869 1084 p.
884 1020 936 1069 149
956 1013 1056 1082 (luuo);
1075 1013 1114 1067 VI
1132 1031 1161 1082 p.
1177 1014 1266 1080 coeb3
1285 1014 1359 1084 glos·

302 1117 355 1155 sar.
371 1102 527 1157 Salomonis
545 1103 564 1158 f.
579 1110 664 1172 29²a3
690 1105 750 1160 cod.
768 1105 932 1160 Vossianum
952 1102 1012 1160 Oct.
1027 1108 1074 1170 243
1094 1101 1250 1158 Osbernum
1268 1121 1295 1172 p.
1312 1109 1359 1169 983

302 1190 452 1246 Iohannem
472 1192 506 1246 de
525 1193 613 1248 lanua
629 1211 655 1248 v.
676 1194 792 1260 coriam
812 1193 848 1248 al.

212 1298 247 1364 L.
265 1299 442 1368 Muellerus
467 1303 593 1367 curavit
619 1325 685 1370 non
711 1304 797 1369 hanc
825 1303 969 1389 glossam
996 1339 1033 1350 —-
1059 1302 1137 1367 licel
1165 1301 1231 1365 iarn
1259 1299 1300 1363 ab
1323 1297 1360 1363 O.
1452 1377 1453 1382 ἵ

212 1405 368 1474 Muellero
393 1409 433 1474 ad
456 1408 590 1473 Festum
613 1411 633 1475 l.
654 1433 678 1476 s.
701 1433 725 1475 s.
749 1411 922 1475 excitatam
949 1445 1004 1491 -,
1028 1408 1083 1472 sed
1107 1407 1268 1472 misellam
1292 1404 1360 1469 ‘Isi-
1395 1437 1404 1453 ·

147 1597 148 1600 Ἴ
213 1513 297 1577 dori’
320 1538 350 1599 p.
370 1517 444 1601 675,
458 1518 501 1582 54
525 1515 719 1603 corisio²):
744 1519 814 1583 leno
835 1522 919 1582 oclus
941 1520 970 1581 et
993 1515 1145 1597 litigioso:
1168 1513 1287 1580 ancillo
1308 1513 1360 1576 do·

214 1619 292 1704 roso,
313 1621 423 1702 fulloc.
457 1623 545 1699 Quae
569 1624 647 1708 quin
671 1622 711 1688 ad
725 1621 926 1708 Hugutionis
948 1620 1015 1685 sive
1029 1619 1184 1683 iohannis
1204 1619 1244 1682 de
1258 1618 1359 1682 lanua

214 1727 281 1790 sive
306 1725 445 1794 Osberni
467 1731 612 1795 lurbelas
635 1730 747 1794 redeat
770 1727 916 1813 equidem
939 1747 1005 1792 non
1028 1725 1151 1790 dubito.
1197 1723 1250 1789 Sic
1274 1725 1359 1789 enim

214 1832 409 1922 Osbernus³)
429 1859 459 1920 p.
475 1837 532 1903 98:
556 1837 576 1902 ³.
591 1888 620 1902 ..
639 1863 658 1904 a
677 1859 769 1904 carco
861 1834 999 1919 carisa,
1024 1855 1078 1908 sae
1093 1833 1122 1897 .i.
1137 1836 1246 1897 velus
1271 1833 1361 1896 lena

213 1945 252 2005 et
274 1942 467 2028 liligiosa3
490 1945 574 2008 unde
593 1948 626 2010 ei
645 1945 778 2010 fallaces
798 1943 935 2009 ancillae
954 1942 1078 2007 carisae
1097 1939 1262 2023 dicuutur,
1285 1939 1361 2023 quia

212 2048 349 2112 veritate
372 2048 494 2114 carenl’
519 2055 552 2116 et
575 2053 711 2117 similius
735 2051 832 2116 eliam
854 2049 1017 2138 Iolrannes
1041 2049 1080 2112 de
1102 2046 1217 2112 Ianua:
1250 2044 1360 2110 ‘cari-

214 2155 291 2218 sia:
389 2153 484 2220 lena
506 2160 617 2222 velus
641 2160 679 2222 el
701 2157 883 2242 litigiosa
905 2207 953 2240 ..‚
984 2155 1067 2220 unde
1090 2156 1124 2216 el
1145 2152 1278 2216 fallaces
1303 2173 1359 2215 an·

214 2261 305 2326 cillae
329 2261 466 2327 carisiae
484 2261 656 2328 dicuntur'.
687 2263 814 2328 Horum
834 2267 941 2329 autem
964 2262 1039 2327 fons
1062 2261 1135 2345 ipsa
1158 2258 1217 2324 illa
1235 2257 1359 2323 Placidi

216 2368 326 2452 glossa
354 2372 417 2453 est,
446 2391 542 2453 quam
567 2367 660 2433 ‘libri
683 2367 880 2453 glossarum'
904 2369 1013 2435 nescio
1042 2383 1124 2452 quae
1152 2367 1293 2451 epitome
1318 2364 1359 2429 ad

214 2497 268 2540 cos
301 2475 459 2560 perduxit.
506 2475 678 2541 Praeterea
708 2499 808 2542 unam
839 2477 920 2542 novi
946 2475 1065 2542 codicis
1094 2473 1248 2538 Vaticani
1271 2471 1356 2537 3321

212 2580 234 2643 f.
256 2581 314 2646 18Ῐ
340 2581 438 2667 (unde
468 2581 569 2646 edidil
592 2580 660 2648 Mai
682 2581 729 2647 VI
752 2606 782 2666 p.
801 2580 906 2668 olea)
929 2584 1075 2648 eorico:
1099 2583 1168 2646 karo
1190 2581 1359 2662 acldoplo,

133 2765 137 2774 ,
213 2687 269 2751 ubi
291 2709 353 2770 quo
373 2688 469 2752 modo
483 2689 586 2770 'duplo
604 2688 838 2753 emendandum
854 2688 898 2752 sit
911 2688 1034 2752 nescio:
1056 2686 1163 2752 doaso
1177 2687 1245 2752 sive
1258 2688 1360 2752 veredo
1456 2733 1458 2736 ψ

185 2874 188 2880 ¹
214 2814 286 2856 cum
310 2793 392 2857 mihi
415 2794 450 2856 in
469 2795 611 2858 mentem
634 2793 815 2876 venissent,
836 2791 903 2856 vidi
922 2792 956 2855 in
980 2791 1091 2856 eadem
1113 2793 1272 2857 vocabula
1292 2794 1359 2858 iarn

213 2899 471 2965 Hildebrandum
508 2899 548 2964 ad
585 2900 780 2984 glossarium
815 2896 1000 2963 Parisinum
1035 2922 1066 2982 p.
1090 2900 1161 2962 44a
1197 2899 1359 2964 incidisse.

213 2995 375 3071 Neutrum
397 3011 507 3072 tamen
530 3007 618 3071 omni
642 3028 680 3070 ex
702 3009 795 3090 parlc
819 3002 978 3091 placetur
998 3004 1070 3069 Iam
1093 3007 1130 3069 ul
1149 3004 1358 3089 comprehen·
1463 3087 1464 3090 Ἴ

214 3113 289 3177 dam
316 3113 368 3178 his
397 3136 435 3178 ex
462 3114 582 3200 glossis
597 3113 687 3198 .quid
714 3113 797 3178 lucri
820 3112 992 3197 redundet,
1021 3112 1083 3177 hoc
1111 3113 1146 3176 ui
1174 3111 1272 3177 fallor
1296 3115 1358 3176 cst:

260 3235 293 3322 1)
316 3260 447 3303 omnes
470 3260 582 3304 vocem
604 3259 707 3324 pers,
730 3259 796 3304 non
819 3258 931 3322 perse
954 3236 1108 3321 scriptam
1133 3236 1300 3321 exhibenl3

288 3466 307 3535 ¹)
333 3467 409 3522 ‘cata
427 3465 539 3521 carisia’
563 3467 713 3522 nemodum
732 3466 905 3522 emendavit:
931 3471 1008 3522 eatae
1026 3467 1132 3522 corisae
1149 3465 1357 3521 Hildebrandus

214 3554 250 3607 ad
277 3555 444 3623 glossarium
470 3556 627 3610 Parisinum
651 3559 806 3624 11411111
833 3561 895 3611 cota
922 3557 1046 3611 curicula
1070 3554 1241 3609 Ribbeckius
1266 3557 1355 3609 lenta

213 3645 322 3698 verunt.

288 3750 309 3819 ²)
329 3749 442 3804 Carissa
460 3749 610 3805 Vulcanius
629 3751 833 3820 etquicunque
852 3753 976 3824 glossam
994 3751 1195 3819 adhibuerunt,
1219 3750 1268 3805 sed
1287 3751 1357 3805 cori-

213 3839 257 3892 sr'o
276 3837 411 3907 Scaligeri
434 3838 505 3892 liber
523 3840 552 3892 et
570 3841 702 3908 excerpta
719 3839 874 3894 Pithoeana
892 3859 921 3910 p.
936 3844 977 3897 58.
1016 3839 1121 3894 Eodem
1141 3841 1251 3909 spectat
1271 3839 1356 3893 ‘codi-

214 3926 264 3980 cis'
285 3926 414 3982 Vossiani
431 3945 458 3995 p.
475 3933 525 3980 239
546 3927 685 3996 scriptura
702 3929 810 3984 carilio.

287 4034 307 4104 9)
327 4033 403 4088 Idem
422 4033 450 4087 in
472 4033 707 4104 ‘repetitionibus’
728 4053 755 4104 p.
772 4040 846 4089 141a
863 4036 972 4092 carisa:
993 4041 1068 4092 octus
1087 4035 1157 4089 leuc.

285 4143 308 4212 ⁴)
336 4142 412 4195 Num
439 4141 512 4197 sorte
538 4143 594 4197 huc
616 4141 685 4195 facil
710 4160 775 4196 usus
802 4143 904 4211 duplex
927 4141 1003 4198 vocis
1030 4159 1081 4211 pro
1109 4143 1239 4208 callidum
1266 4142 1358 4211 sollu-c

214 4233 377 4300 usurpatae,
405 4230 517 4299 qualem
542 4231 628 4285 habos
652 4229 737 4286 etiarn
760 4231 789 4286 in
817 4230 952 4300 glossario
976 4230 1136 4286 Monacensi
1155 4236 1225 4286 6210
1244 4250 1271 4301 p.
1291 4239 1356 4287 370:

214 4323 394 4392 oltrrplieem:
421 4321 624 4389 dupplicem,
648 4322 814 4385 dolosum?
852 4322 1049 4391 utnusquam
1072 4322 1174 4389 duplus
1196 4321 1249 4376 hoc
1272 4322 1356 4377 modo

213 4411 324 4466 videtur
340 4429 392 4466 usu
411 4410 513 4466 venire.

267 4511 360 4562 Locro,
374 4510 403 4550 de
417 4511 485 4558 glou.
499 4509 539 4552 1111.
1110 4507 1143 4554 20
1180 4491 1183 4498 ’
