3216 5126
704 371 743 380 ....
794 336 855 399 118
901 372 945 380 ,-

217 539 219 544 ,
255 493 586 580 gigantummachiet.
602 514 712 577 pugna
741 518 816 576 cum
894 497 1082 578 gressutus:
1106 495 1253 577 pedester

299 601 433 686 gigante
455 600 569 664 habita
894 618 1047 685 grussus:
1073 600 1208 684 fetosus,
1235 603 1360 684 pilosus
1366 652 1375 684 ,
1402 601 1451 665 hi-

256 725 416 792 gnomen:
441 707 544 772 orolei
567 726 668 790 genus
939 707 1049 790 spirius

202 826 236 874 36
256 814 442 898 gnossiamt
466 814 658 877 cretensiam
895 830 1062 897 grumare:
1087 814 1226 897 dirigere

255 941 418 1005 gorgones
455 938 553 984 aena:
592 920 681 985 cuius
718 924 814 1004 caput
841 940 875 988 40
895 920 1092 1003 grundiunt:
1117 923 1264 1004 strepunt

299 1027 423 1111 pectori
447 1026 551 1090 aderit
641 1049 642 1054 ¹
895 1026 1003 1110 gruit:
1027 1026 1183 1110 imminit,
1206 1027 1365 1091 incumbit

256 1167 341 1231 Hinc
363 1168 454 1232 vides

304 1272 337 1360 1)
360 1296 521 1357 perpauca
538 1275 624 1338 inter
641 1277 691 1339 tot
709 1276 841 1339 nomina
859 1278 985 1339 exstare
999 1274 1097 1339 verba
1113 1271 1180 1360 (11.
1194 1276 1245 1340 39.
1260 1276 1312 1339 40.
1327 1274 1399 1359 41)3
1510 1299 1513 1304 ·

302 1379 336 1468 2)
359 1381 521 1465 permulta
545 1401 661 1466 graeca
684 1380 736 1467 (cf.
760 1382 848 1446 velut
874 1382 1298 1466 13.16.19.20.25‚33);

303 1485 338 1574 3)
362 1487 489 1572 glossas
512 1487 719 1573 Vergilianas
747 1486 852 1575 (velut
874 1490 916 1554 36
941 1489 1083 1572 Geryone
1111 1510 1214 1573 suevo,
1247 1511 1328 1573 quae
1361 1489 1401 1553 ad

418 1594 497 1659 Aen.
520 1595 562 1679 II,
577 1597 641 1660 616
666 1597 805 1680 spectat)
829 1596 992 1661 continere
1016 1596 1259 1681 glossariolnm3

302 1701 338 1786 4)
361 1703 558 1784 corruptelas
581 1702 789 1786 gravissimas
805 1724 878 1765 eum
897 1703 962 1766 iarn
980 1702 1118 1782 traditas
1132 1704 1324 1786 repperisse,
1348 1704 1403 1787 qni

419 1809 578 1894 glossulas
593 1809 741 1892 collegit3
764 1808 797 1871 id
821 1809 907 1871 enim
926 1831 964 1871 ex
979 1808 1090 1872 ordine
1109 1810 1291 1873 litterarum
1309 1811 1403 1873 facile

419 1916 566 1997 apparet,
589 1913 645 1996 qui
668 1913 753 1977 idem
773 1917 823 1978 est
846 1935 939 1996 quem
959 1913 993 1976 in
1011 1913 1136 1992 offatim
1160 1915 1278 1997 glossis
1302 1914 1403 1979 habes

420 2021 473 2106 (cf.
496 2021 600 2105 geruli,
623 2021 764 2105 galeros,
789 2020 885 2104 globo
892 2071 900 2103 ,
924 2041 1077 2104 gunarns,
1108 2022 1241 2106 glanga‚
1272 2022 1404 2106 gallina,

420 2125 558 2211 glauca).

260 2252 369 2316 Bonae
393 2255 489 2316 notae
514 2252 642 2337 glossae
666 2274 744 2316 num
768 2252 888 2317 alicubi
911 2253 961 2316 sui
985 2253 1090 2317 simile
1114 2253 1237 2336 aliquid
1262 2253 1405 2317 habeant

262 2359 347 2422 infra
364 2357 593 2444 videbimus¹):
617 2381 702 2422 6666
719 2359 804 2422 hanc
822 2359 1011 2423 memoriam
1030 2381 1102 2423 cum
1125 2360 1319 2444 fragmentis
1339 2361 1404 2424 illis

262 2463 490 2546 Amplonianis
519 2488 552 2529 re
581 2488 656 2529 vera
684 2469 856 2550 cognatam
883 2487 953 2529 esse
981 2466 1281 2530 demonstrabimus.
1323 2465 1405 2532 Con·

261 2571 393 2635 ferenda
417 2575 505 2653 sunt,
530 2594 611 2656 quae
636 2572 845 2636 subiecimus:

396 2712 504 2780 glossae
523 2701 684 2764 Leidenses:
955 2712 1064 2780 glossae
1083 2711 1299 2779 Amplonianae:

282 2825 295 2871 1
316 2832 407 2887 garet
429 2817 544 2872 divitiae
562 2835 660 2886 regum
848 2835 875 2887 p.
885 2823 945 2886 334,
955 2824 988 2872 68
1008 2817 1133 2886 gessise:
1153 2818 1268 2872 divitiae

281 2915 296 2960 3
316 2907 501 2976 gauligenusr
520 2906 600 2960 navis
956 2912 991 2960 64
1009 2906 1106 2974 gaulir
1125 2923 1212 2976 genus
1232 2908 1298 2961 navi

282 3001 297 3048 5
317 2996 421 3064 glabo:
441 2995 571 3063 rusticus,
591 2995 685 3047 arator
956 3001 990 3049 80
1009 2996 1111 3064 gleboz
1131 2996 1250 3050 rusticus

267 3091 297 3136 13
317 3083 467 3153 genussia:
487 3085 598 3137 senatus
958 3089 990 3136 70
1010 3083 1146 3153 genusiar
1166 3087 1277 3138 senatus

267 3180 298 3227 16
318 3171 461 3242 genessisz
480 3172 569 3224 fatum
958 3177 991 3224 73
1010 3172 1117 3242 gessist
1136 3173 1237 3241 fatum,
1257 3175 1400 3229 decretum

266 3266 300 3313 20
319 3261 460 3328 genessis:
482 3261 658 3314 constellatio
958 3266 991 3314 66
1010 3260 1162 3330 geneissis=
1182 3263 1353 3318 constillatio

266 3355 301 3402 24
319 3350 466 3418 gereatus=
486 3349 588 3418 gradus
960 3354 993 3401 74
1012 3347 1160 3420 genialis
1174 3350 1275 3405 homor
1290 3353 1408 3420 gratus

1047 3437 1129 3491 homo

267 3534 301 3581 34
320 3540 459 3596 gnomen:
480 3527 567 3581 orolei
584 3543 671 3596 genus
959 3532 992 3580 82
1012 3541 1152 3596 gnomone
1172 3528 1258 3582 orclei
1276 3546 1363 3598 genus

268 3654 329 3718 Sed
352 3653 546 3718 redeundum
571 3656 621 3718 661
643 3655 683 3718 ad
707 3654 930 3737 Amploniani,
944 3653 1095 3737 glossarii
1121 3658 1247 3737 partem
1270 3656 1409 3739 priorem

267 3761 385 3825 litteris
421 3783 488 3825 non
524 3762 692 3845 digestam.
744 3761 846 3837 Quam
883 3762 911 3825 si
948 3761 1130 3825 accuratius
1166 3763 1411 3846 perlustramus7

269 3870 420 3950 quattuor
441 3867 508 3931 fere
531 3869 715 3952 glossarum
740 3889 857 3952 genera
879 3866 974 3931 facile
997 3867 1215 3932 discernimus.

356 3974 382 4037 Ι.
407 3973 517 4038 Scatet
540 3975 735 4059 glossarium
762 3974 880 4059 glossis
904 3973 1198 4058 graecolatinis‚
1223 3975 1322 4039 sacris
1345 3977 1411 4059 ple·

269 4102 418 4164 rumque,
441 4103 576 4164 quarum
599 4085 708 4145 tamen
732 4082 887 4146 lemmata
909 4075 1024 4144 latinis
1048 4080 1167 4144 littoris
1195 4081 1316 4164 scripta
1343 4103 1411 4145 esse

271 4189 524 4251 consentancum
548 4190 604 4252 661.
634 4169 747 4253 ¹Tales
771 4189 860 4253 velut
881 4187 961 4251 haec
985 4189 1074 4251 sunt:

347 4449 365 4520 ¹)
385 4449 426 4505 cf.
446 4469 517 4520 quae
537 4453 571 4506 de
592 4453 734 4508 Philoxeni
754 4452 854 4524 glossis
872 4452 1068 4524 latinograecis
1088 4451 1221 4508 dicentur.
