3178 5122
709 271 929 334 ,46-

484 425 660 480 Catomain=
705 427 845 581 ergeuen-5
1000 427 1167 482 Catomainz
1187 429 1358 497 ergastulum

519 516 578 568 lum
587 515 605 582 ¹)

374 586 377 594 '
475 603 665 672 samagar:
678 584 845 677 variosa-l
1001 604 1185 674 careragmrz
1205 605 1336 660 arrosa

521 692 592 746 done
843 686 845 745 l

486 782 671 836 Caducariusz
692 750 1191 850 anquemlf.1rvh20adueerius=
1235 784 1271 836 ad
1308 772 1392 852 quern

520 869 663 938 pertinent
691 887 762 939 quae
787 858 845 924 tra-⁴
1036 873 1178 942 pertinent
1206 888 1260 940 que
1288 873 1393 936 cadunt

521 959 590 1013 dunt
617 958 747 1012 defuncto
781 959 830 1013 ali·
1037 961 1168 1016 defuncto
1212 960 1305 1029 aliquo
1347 961 1392 1014 cui

522 1065 590 1116 quo;
606 1048 651 1102 cui
663 1050 771 1101 nonest
783 1048 831 1116 qui
1037 1052 1102 1105 non'r
1122 1052 1136 1104 e
1157 1050 1205 1119 qui
1225 1051 1355 1104 succedat

523 1137 655 1190 succedat

409 1220 418 1228 ’
487 1225 830 1300 Cataplusrudventusna-
1003 1228 1169 1298 Cataplum=
1190 1229 1325 1282 aduentus
1345 1245 1391 1281 na·

522 1315 565 1368 vis
1038 1318 1081 1371 uis

487 1402 611 1457 Cancerv
630 1403 739 1472 forceps
860 1407 878 1460 f.
894 1412 979 1460 12¹a:
1000 1405 1125 1460 Cancer:
1140 1389 1234 1474 forepd

487 1492 632 1547 Callorusr
653 1493 807 1547 malitiosus
859 1496 878 1550 f.
895 1502 981 1550 wa:
1002 1495 1149 1549 Callosusr
1170 1495 1325 1548 malitiosus

487 1581 618 1636 Caletra'r
647 1582 698 1636 ubi
731 1599 832 1650 vespae
1003 1583 1135 1638 Calatiae
1151 1583 1393 1654 ubiuespenutn'-

522 1667 710 1739 nutriuntur⁹l
1038 1675 1122 1726 untur

139 1817 148 1837 .
248 1765 468 1828 p.c'14,scsqq.:
489 1758 592 1814 Catax=
609 1759 732 1828 claudus,
750 1777 832 1812 coxus
1003 1761 1107 1815 Cataxt
1128 1762 1255 1828 claudus,
1275 1778 1358 1822 conus

487 1847 609 1903 Cautos=
629 1848 757 1902 sacerdos
862 1849 878 1903 f.
893 1851 982 1903 12Vb:
1002 1843 1125 1903 Cautus:
1146 1849 1276 1903 sacerdus

488 1936 624 1991 Calutorz
645 1937 772 1990 minister
790 1952 831 1988 sa·
1005 1937 1139 1992 Calutur:
1172 1921 1270 1991 minist
1306 1955 1394 1991 sacro-

524 2043 634 2080 crorum
1004 2045 1100 2106 xrum

488 2114 832 2170 Castorinumrvebrinum
1005 2115 1201 2170 Castorinum:
1220 2115 1367 2185 ueprinum

488 2203 663 2272 Castipulum
682 2218 691 2258 t
737 2219 833 2257 mensa
860 2207 878 2262 f.
896 2213 982 2261 13fa:
1003 2205 1197 2273 Cartipulumv
1216 2221 1313 2258 mensa
1327 2219 1394 2271 qua-

525 2292 691 2361 quadrata³)
846 2304 848 2387 ι
1040 2294 1122 2348 drale

488 2381 641 2436 ausorum:
661 2383 801 2435 vetustum
846 2384 880 2456 li.
898 2385 981 2438 131b:
1002 2383 1168 2438 Oarsosumz
1187 2384 1331 2436 uetustum
1338 2381 1359 2450 ⁴)

489 2470 620 2523 Oiccumr
647 2472 740 2523 cortex
766 2469 834 2523 mali
846 2457 848 2507 Ῑ
861 2472 880 2528 f,
896 2478 979 2526 13la:
1001 2471 1122 2526 Cecum=
1141 2473 1236 2525 cortex
1250 2471 1318 2524 mali
1333 2487 1394 2540 gra-

524 2559 635 2628 granati
846 2556 848 2598 l
1039 2561 1101 2614 nati

324 2704 342 2772 ¹)
362 2703 508 2772 Ingeniose
524 2701 649 2772 Scaliger
667 2734 702 2741 -
721 2719 776 2756 non
789 2702 912 2758 Nansius
930 2734 962 2742 -—
983 2705 1136 2758 colornium¹
1147 2702 1320 2768 emendavit,
1339 2717 1395 2755 me·

249 2809 310 2846 mor
329 2792 403 2845 haud
422 2791 505 2847 dubie
525 2792 637 2846 Laberii
655 2793 731 2861 apud
745 2791 866 2846 Gellium
882 2791 954 2860 XVI,
972 2799 1022 2861 7‚4
1041 2809 1137 2846 versus
1156 2793 1192 2859 (v.
1204 2798 1237 2847 87
1251 2791 1399 2858 edebb.)

248 2883 326 2936 tollat
345 2883 417 2935 boue
438 2883 493 2948 fide'
510 2898 559 2936 uos
579 2881 666 2935 Orcus
688 2883 779 2936 ualdus
799 2883 831 2935 ia
854 2883 1005 2950 eutonium,
1029 2882 1078 2936 ubi
1096 2881 1278 2948 Ribbeckius‚
1301 2879 1345 2933 vir
1366 2880 1397 2932 in

248 2969 423 3038 hisquoque
442 2970 541 3023 studiis
561 2971 725 3040 plerumque
744 2971 845 3038 spretis
868 2972 939 3025 bene
962 2973 1101 3038 versatus,
1129 2969 1250 3023 ‘Isidori'
1275 2970 1398 3038 glossam

248 3075 303 3111 non
323 3059 453 3127 neglexit.
483 3057 612 3112 Ceterum
627 3060 764 3113 octomela
778 3060 937 3146 cogruptela
950 3059 1040 3128 magis
1059 3059 1137 3113 favet
1155 3058 1294 3113 eutonium
1313 3073 1398 3125 quarn

250 3149 396 3202 colornium
415 3147 582 3216 scripturae:
602 3149 739 3202 calomnia
758 3147 831 3200 enim
850 3151 893 3202 est
912 3153 1057 3203 colonium
1077 3174 1110 3193 =
1129 3148 1276 3202 eutonium.

324 3236 343 3306 ²)
362 3236 520 3306 Adscripsit
534 3236 659 3306 Scaliger
679 3237 756 3305 ‘post
775 3239 883 3303 celetem
904 3238 1058 3306 κοιλήθρα’,
1078 3237 1179 3305 quibus
1198 3237 1287 3290 tribus
1306 3235 1399 3290 verbis

216 3323 221 3340 '
248 3326 386 3380 indicaret
411 3325 527 3379 eandem
552 3325 675 3394 glossam
699 3326 844 3393 paululum
874 3328 1012 3381 mutatam
1043 3326 1116 3379 infra
1143 3326 1232 3379 redire
1256 3357 1289 3364 —
1314 3342 1346 3378 ac
1368 3342 1398 3379 re

176 3487 179 3492 Ι
250 3433 316 3472 vera
334 3416 364 3468 in
384 3415 442 3469 cod.
458 3415 589 3468 Leidensi
605 3414 666 3470 67Ε
686 3416 705 3468 f.
718 3423 793 3470 13Va
811 3416 921 3485 repperi
941 3418 1057 3470 coldra:
1077 3417 1126 3470 ubi
1139 3432 1215 3482 vespe
1233 3416 1399 3468 nutriantur

251 3537 283 3544 —
303 3508 332 3558 et
348 3505 452 3558 lemma
471 3522 488 3557 a
506 3521 573 3559 voce
592 3520 694 3574 graeca
712 3522 783 3574 quae
803 3507 876 3558 esset
894 3505 1027 3571 κοιλήθρα
1047 3503 1239 3558 deducendum
1258 3502 1354 3556 videri.

323 3594 343 3662 ³)
364 3593 488 3662 Scaliger
502 3592 667 3647 curticulam
681 3593 861 3661 emendabat,
881 3593 955 3661 quod
966 3592 1111 3647 Leidensis
1125 3609 1159 3646 ex
1173 3594 1253 3660 parte
1268 3590 1398 3658 servavit,
1434 3623 1436 3626 -

251 3682 299 3752 qui
319 3682 442 3736 eiusdem
461 3699 511 3749 pro
532 3683 650 3736 colluras
668 3681 850 3749 proponentis
868 3683 984 3736 callosas
1003 3681 1227 3735 emendationem
1245 3671 1398 3734 confirmat.

252 3771 342 3836 Quam
356 3771 478 3840 glossam
495 3770 565 3824 duee
579 3770 636 3823 Mai
646 3770 684 3824 Vl
694 3788 721 3839 p.
733 3770 808 3823 514b
822 3769 957 3824 memoria
971 3771 1010 3824 sic
1021 3770 1205 3838 supplendam
1217 3769 1398 3824 cartibulamr

250 3876 343 3915 mcccc
360 3860 512 3928 quadrata,
530 3876 599 3928 qaue
612 3860 644 3912 iu
659 3860 740 3913 atriis
755 3860 883 3926 ponitur,
901 3875 1052 3938 excerpens
1067 3876 1123 3912 non
1137 3857 1234 3912 dubito
1253 3858 1320 3926 quin
1336 3858 1399 3912 Sca·
1457 3891 1461 3898 ·

250 3949 322 4018 liger
340 3965 446 4002 memor
463 3947 548 4001 fuerit
566 3947 699 4001 Varronis
718 3947 752 4001 de
771 3948 789 4000 l.
804 3947 823 4001 l.
837 3948 871 4016 V,
889 3954 954 4002 125:
977 3948 1078 4002 ‘altera
1096 3947 1206 4002 vasaria
1225 3963 1321 4000 mensa
1340 3951 1400 4002 erat

250 4039 364 4108 lapidea
377 4038 515 4107 quadrata
530 4036 659 4106 oblonga,
674 4053 732 4090 una
746 4037 906 4091 columella:
921 4039 1074 4092 vocabatur
1089 4036 1304 4090 cartibulum.
1330 4037 1400 4091 haec

250 4127 280 4181 in
299 4128 413 4183 aedibus
433 4128 468 4180 ad
487 4125 676 4196 compluvium
690 4125 765 4194 apud
780 4125 882 4179 multos
896 4143 940 4180 me
959 4144 1044 4195 puero
1058 4127 1215 4197 ponebatur
1229 4125 1301 4180 etin
1320 4143 1354 4180 ea
1372 4130 1401 4181 et

253 4236 314 4272 curn
330 4234 363 4270 ea
377 4233 465 4271 aenea
478 4233 554 4272 vasa.
583 4217 607 4270 A
621 4216 742 4286 gerendo
758 4215 908 4282 cartibum,
925 4215 996 4268 unde
1011 4215 1179 4270 cartibulurn
1192 4218 1257 4284 post
1271 4214 1397 4269 dictum’

325 4307 345 4373 ⁴)
367 4305 548 4360 Scribendum
567 4308 620 4360 est:
640 4305 794 4359 caricem:
812 4308 953 4358 caustum.
983 4302 1112 4358 Ceterum
1126 4305 1234 4374 glossas
1249 4321 1318 4372 quas
1336 4322 1399 4373 pro·

253 4395 325 4452 ferre
345 4395 464 4448 solemus
483 4411 578 4448 omnes
597 4394 744 4448 emendare
763 4411 835 4446 nunc
853 4393 989 4447 nolumus.

1204 4896 1550 5040 Α,
