3222 5122
699 265 751 349 ‘-
796 303 861 368 aas
909 339 949 348 -

261 467 394 551 dignam
413 465 505 530 duxit
524 487 621 549 quam
640 464 915 529 commemoraret.
953 460 1004 526 Ad
1026 461 1160 526 eandem
1179 463 1304 545 spectat
1326 460 1406 524 haec

159 595 165 608 ·
262 575 384 658 glossa:

443 690 658 754 insensatas
683 685 769 752 enoc
793 682 953 764 δοκαρίων
976 685 1231 764 κεκαπνιεμένων

349 792 518 847 Philoxenus
536 809 563 861 p.
585 796 674 860 122,2
693 790 1010 857 (δοκαριοκαπνιεμενων
1029 789 1110 858 cod).

262 899 388 965 ‘Suaso'
412 902 446 964 in
468 900 686 966 Ambrosiano
715 899 873 983 scriptum
902 887 960 966 esti
1001 899 1222 966 Palatinorum
1251 895 1406 962 ‘resuasu’

262 1029 301 1072 ex
330 1007 486 1072 ‘insuaso'
517 1012 629 1072 natum
664 1029 733 1071 esse
767 1007 939 1072 coniecerit
971 1006 1110 1071 fortasse
1138 1005 1312 1090 quispiam:
1342 1026 1408 1068 non

262 1114 359 1178 nimis
388 1114 554 1197 audacter,
582 1099 618 1177 ni
644 1113 755 1198 fallor,
783 1135 855 1178 cum
878 1114 909 1179 ri
931 1134 970 1177 ex
992 1135 1024 1176 in
1051 1135 1117 1176 non
1144 1134 1218 1177 raro
1246 1115 1408 1176 nascatur.

262 1216 363 1298 Velut
380 1219 474 1283 Truc.
488 1217 530 1302 II,
544 1219 627 1302 222
646 1241 704 1302 pro
724 1219 829 1286 boetem
847 1215 907 1306 (sic
922 1216 966 1305 A)
986 1218 1103 1303 reliqui
1121 1219 1229 1284 acacii
1247 1217 1408 1282 exhibent.

264 1323 312 1390 of.
336 1325 434 1389 etiam
456 1324 503 1410 Π,
522 1326 552 1411 3,
566 1325 600 1404 5,
628 1325 684 1389 ubi
711 1325 746 1389 in
773 1325 801 1389 B
826 1327 996 1408 opperimer
1023 1325 1124 1390 habes
1154 1346 1213 1409 pro
1242 1325 1409 1407 oppetita

265 1431 327 1516 (sic
349 1429 433 1517 OD).
1371 1489 1374 1496 ,

352 1538 581 1603 Truculenti
595 1559 724 1602 versum
737 1537 779 1623 II,
796 1538 824 1621 7,
834 1538 891 1602 60:
912 1537 931 1602 ‘.
946 1587 953 1602 .
968 1588 974 1603 .
990 1559 1084 1621 quem
1102 1559 1163 1623 ego
1179 1537 1303 1601 offatim
1322 1557 1408 1602 con-

264 1643 450 1728 cipilabo'
474 1668 590 1730 parum
612 1648 698 1709 recte
722 1645 820 1728 vulgo
843 1644 1105 1729 interpretantur.
1141 1643 1239 1712 Ducti
1252 1645 1347 1708 enim
1369 1681 1407 1690 —

263 1752 314 1816 vel
337 1751 446 1835 potius
470 1751 594 1816 inducti
619 1787 657 1796 -
684 1749 778 1814 Pauli
800 1771 831 1833 p.
851 1750 938 1833 62,6
961 1751 1048 1833 loeo,
1071 1771 1134 1832 quo
1153 1748 1313 1815 Naevium
1337 1749 1410 1835 (inc.

263 1857 358 1943 frgm.
373 1856 466 1921 XXV
485 1880 516 1940 p.
532 1858 575 1922 30
594 1856 641 1922 ed.
655 1855 750 1921 Ribb.
770 1851 878 1941 comt)
901 1857 1124 1940 mmipritaeisti
1146 1878 1206 1940 pro
1225 1858 1411 1942 emananti,

263 1965 409 2030 involasti
442 1963 561 2029 dixisse
594 1963 760 2046 docemur,
792 1963 827 2027 iu
854 1962 963 2028 Plauti
990 1986 1085 2029 versu
1112 1963 1298 2047 concipilabo
1325 1964 1409 2029 idem

266 2092 335 2135 esse
359 2073 478 2154 putant
500 2069 585 2154 quod
607 2071 783 2151 corripiam.
828 2069 874 2133 At
898 2070 997 2153 qnid?
1029 2070 1101 2155 quis
1125 2091 1278 2154 umquam
1302 2092 1410 2154 quem·

264 2200 360 2262 quarn
392 2176 561 2242 ‘offatim
593 2173 786 2259 corripuit'?
835 2173 933 2239 Cuius
960 2176 1047 2240 modi
1074 2176 1234 2259 correptio
1264 2177 1320 2260 qui
1352 2178 1411 2241 fiat

265 2284 413 2369 equidem
436 2305 487 2347 me
510 2281 633 2347 nescire
662 2281 776 2346 fateor.
818 2281 929 2368 Longe
958 2282 1053 2348 aliter
1081 2283 1257 2348 scholiasta
1279 2282 1410 2368 quidam

265 2394 373 2476 vetus,
396 2390 485 2455 cuius
510 2389 676 2478 adnotatio
699 2389 780 2454 haec
803 2391 865 2454 est:

513 2531 773 2613 concipalabez
796 2532 954 2596 conadam
977 2533 1156 2597 minutatim

354 2637 470 2691 Maivl
488 2655 516 2706 p.
531 2641 606 2691 3173
624 2660 658 2680 =
677 2635 738 2690 cod.
756 2634 884 2689 Vatican.
905 2641 973 2690 3321
993 2636 1012 2690 f.
1028 2641 1086 2691 30¹.

263 2763 439 2849 Exquisita
470 2762 581 2848 glossa
612 2761 692 2826 duce
721 2759 956 2843 ‘concipalabo’
987 2785 1046 2845 pro
1075 2761 1302 2847 ‘concipilabo’
1335 2763 1411 2828 scri-

264 2871 406 2935 bendum
429 2891 499 2934 esse
522 2870 627 2953 patet,
654 2867 741 2932 haud
769 2889 841 2932 raro
866 2867 898 2931 id
922 2868 1051 2951 quidem
1080 2870 1239 2954 exemplo,
1268 2891 1341 2934 cum
1364 2893 1409 2934 re·

266 2977 426 3044 centiores
454 2977 576 3042 formas
605 2973 746 3058 (adsiiire
772 2997 831 3059 pro
859 2975 1009 3058 amolire,
1039 2976 1169 3042 altescere
1196 2999 1255 3060 pro
1282 2977 1412 3062 allicere,

266 3081 351 3171 sim.)
376 3083 503 3148 diutina
521 3080 760 3146 comoediarum
783 3082 944 3147 memoria
963 3081 1222 3166 frequentissime
1244 3083 1413 3150 invexerit.

266 3190 426 3272 Placebit,
449 3191 485 3252 ut
504 3208 612 3271 spero,
631 3185 775 3251 eiusdem
793 3187 884 3251 verbi
904 3188 981 3252 item
996 3188 1149 3273 explicati
1167 3212 1288 3255 novum
1307 3213 1412 3255 exem·

266 3298 370 3381 plum,
389 3318 406 3359 e
422 3294 579 3378 scriptore
594 3294 702 3359 nescio
718 3316 780 3378 quo
800 3295 1021 3379 desumptum,
1041 3296 1127 3379 quod
1145 3296 1264 3361 iterum
1283 3296 1412 3381 glossae

267 3405 452 3466 servarunt:

466 3526 785 3610 cencipnlassent:
809 3525 988 3590 ininntatin
1011 3527 1211 3593 concidissent

355 3628 413 3683 Mai
431 3629 470 3683 VI
489 3647 516 3698 p.
532 3634 607 3683 dita
621 3654 655 3674 =
670 3629 730 3683 cod.
745 3628 873 3683 Vatican.
883 3635 958 3683 3321
978 3629 997 3683 f.
1013 3635 1079 3696 29⁷3
1098 3631 1158 3686 cod.
1174 3628 1320 3685 Bemensis
1334 3630 1414 3684 23810

355 3718 374 3774 f.
389 3720 484 3774 17gvb
503 3719 723 3788 (concipilassent
735 3718 868 3772 minutati
881 3718 1000 3771 concidit
1005 3740 1011 3771 :
1031 3719 1241 3788 concipilasaent
1253 3718 1324 3773 illud
1338 3718 1413 3772 hand

356 3806 438 3861 aliter
457 3809 542 3876 atque
561 3808 731 3876 concipilabo
749 3807 779 3861 in
798 3807 877 3862 libris
895 3808 1052 3880 Plautinis).

268 3915 471 3991 Quaesiveris
493 3915 646 3999 fortasse,
670 3915 755 3999 quod
778 3915 822 3980 sit
844 3916 979 3980 verbum
1003 3916 1149 4001 simplex.
1181 3917 1414 4004 Respondeant

268 4022 444 4106 glossaria:
1240 4043 1246 4054 ·

493 4138 751 4220 nunciassent:
774 4138 975 4203 concidissent
996 4139 1177 4203 ininntatiin

356 4241 416 4298 cod.
435 4240 652 4312 Amplonianus²
674 4259 701 4311 p.
721 4247 785 4309 286,
801 4247 835 4297 64
863 4241 1042 4311 (copulassent
1065 4243 1219 4296 condidisse
1241 4243 1412 4312 irniantaan);

356 4329 416 4384 cod.
435 4329 578 4385 Leidensis
599 4329 664 4385 191³
682 4330 869 4400 (cantitassent
887 4331 1094 4401 condidissent);
1114 4332 1174 4385 cod.
1189 4330 1334 4386 Leidensis
1349 4331 1412 4386 67F

356 4417 374 4471 f.
395 4419 485 4472 124¹b
503 4419 690 4487 (eapittaesent
707 4436 741 4472 m.
761 4421 807 4488 o.);
826 4419 992 4488 glossarium
1011 4418 1167 4475 Salomonis
1186 4419 1205 4475 f.
1224 4426 1298 4475 28²a
1317 4421 1413 4489 (capil-
