3216 5126
725 361 967 426 -114-

160 489 173 500 ’
276 522 300 585 t.
314 519 379 584 VH
403 517 445 606 (a.
463 517 562 606 1838)
586 543 617 604 p.
640 521 821 586 134-153.
858 522 938 587 Post
961 522 1114 586 Moneum
1137 521 1281 586 eiusdem
1304 522 1421 587 codicis

279 628 492 713 apographon
523 627 661 694 confecit
683 628 708 694 l.
729 629 954 706 Quicheratius
962 627 995 712 ¹).
1032 630 1174 696 Tertiam
1198 630 1313 693 harum
1337 630 1421 713 glos-

277 757 387 799 sarum
409 737 512 819 partis
536 737 726 800 memoriam
750 737 783 800 in
812 738 918 802 codice
942 736 1135 801 Vossiano
1160 735 1226 800 Fol.
1246 736 1290 799 24
1312 735 1422 818 habes,

278 842 381 926 quode
405 842 491 906 infra
513 843 617 926 plura.

364 947 436 1012 Hoc
482 948 676 1032 glossarium
718 950 805 1014 3693
851 948 978 1013 circiter
1028 948 1210 1032 glossarum
1260 947 1422 1031 permulta

276 1055 422 1135 continet
457 1055 745 1137 interpretamenta
787 1055 1048 1139 anglosaxonica.
1097 1054 1301 1120 Lemmatum
1343 1053 1421 1118 ordo

276 1181 395 1245 magna
419 1183 457 1224 ex
481 1165 572 1243 parte
596 1161 727 1224 omnino
751 1161 857 1224 nullus
886 1167 949 1244 est,
977 1161 1061 1224 unde
1089 1160 1241 1245 glossarii
1269 1182 1346 1222 usus
1375 1181 1423 1222 sa·

274 1267 318 1330 tis
343 1268 498 1331 molestus
526 1267 640 1332 evadit.
676 1266 789 1350 Neque
813 1271 921 1331 tamen
947 1268 1058 1330 omnia
1082 1267 1210 1331 mixtim
1234 1270 1424 1330 coacervata

275 1379 358 1438 sunt.
404 1373 540 1459 Aperte¹
554 1375 641 1437 enim
667 1373 763 1437 huius
792 1372 943 1457 glossarii
971 1367 1029 1456 per
1057 1373 1183 1437 litteras
1211 1395 1276 1437 non
1304 1371 1424 1455 digesti

276 1477 393 1543 fundus
418 1481 510 1564 quasi
534 1481 750 1564 locupletatus
775 1484 824 1543 est
848 1502 886 1543 ex
910 1480 975 1543 alio
995 1463 1160 1564 'glossario
1189 1480 1229 1542 ad
1257 1477 1421 1561 alphabeti

274 1585 419 1650 ordinem
449 1585 589 1649 redacto.
634 1584 782 1670 Namque
810 1589 885 1668 post
908 1606 928 1646 o
950 1585 1080 1648 litterae
1109 1586 1236 1669 glossas
1265 1584 1328 1648 318
1357 1604 1422 1646 non

275 1691 441 1755 ordinatas
475 1693 620 1776 sequitur
656 1693 733 1758 novi
766 1693 918 1776 glossarii
952 1694 997 1757 sic
1025 1692 1182 1758 ordinati:
1214 1714 1267 1756 oo-
1295 1689 1346 1754 ab·
1374 1709 1421 1752 oc-

273 1799 329 1860 od-
358 1797 486 1880 integra
513 1820 534 1861 o
561 1798 670 1863 littera
702 1799 776 1863 inde
811 1823 830 1863 a
862 1823 891 1884 p.
917 1800 1008 1864 acab
1032 1799 1096 1864 319
1131 1798 1338 1863 ‘aberuncatt
1367 1795 1421 1858 ab·

274 1903 396 1987 seirpat
437 1903 581 1966 abavus:
606 1904 658 1968 ari
683 1927 761 1968 avus
804 1889 982 1990 abrogata:
1006 1906 1111 1969 deleta
1152 1903 1301 1969 abristit:
1324 1903 1421 1985 longe

274 2006 334 2072 est’
359 2029 459 2093 usque
484 2008 524 2072 ad
547 2031 578 2091 p.
600 2009 693 2074 2651)
717 2012 782 2076 516
812 2011 1120 2076 ‘'aucturamentumz
1150 2011 1235 2096 quod
1265 2013 1314 2073 est
1342 2007 1422 2072 indi·

273 2114 359 2178 cium
405 2114 564 2178 auxillaet
589 2116 658 2178 alae
682 2117 822 2181 minores
869 2119 1018 2182 auultos:
1041 2114 1227 2202 regalibus'.
1274 2113 1421 2178 Haecin
1522 2138 1524 2142 ¹

273 2219 354 2284 illud
377 2220 570 2304 glossarium
594 2222 721 2285 aliunde
746 2222 873 2288 invecta
901 2245 970 2286 esse
1000 2223 1144 2287 ostendit
1171 2244 1244 2286 cum
1268 2220 1345 2284 ordo
1369 2219 1421 2283 hic

274 2330 418 2391 servatus
446 2326 513 2389 illio
540 2328 723 2411 neglectus,
754 2333 825 2392 tum
853 2329 934 2392 illud
964 2329 1049 2413 quod
1080 2331 1207 2414 glossae
1236 2326 1419 2391 517—528

275 2431 417 2494 eiusdem
433 2435 541 2515 aperte
557 2433 674 2497 indolis
690 2437 766 2497 sunt
780 2437 876 2518 atque
889 2436 1028 2500 1-318,
1050 2435 1320 2517 interpositarum
1336 2433 1420 2517 glos-

275 2559 383 2601 sarum
397 2537 523 2602 ratione
547 2560 614 2602 non
637 2539 750 2606 habita
765 2544 900 2625 apparet
918 2542 1061 2625 glossam
1077 2541 1140 2606 517
1163 2540 1239 2604 olim
1259 2539 1421 2621 excepisse

273 2644 418 2727 glossam
438 2644 512 2708 318.
541 2643 589 2710 cf.
609 2648 744 2731 317sq.:
777 2648 838 2731 As,
863 2649 963 2712 ossisz
988 2668 1085 2729 penus
1110 2648 1233 2711 amorrui
1255 2646 1421 2726 [assessoris
1501 2681 1505 2688 -

274 2751 355 2830 cod]
407 2751 498 2814 Ara:
527 2751 609 2814 arcis
641 2773 712 2815 cum
742 2752 927 2835 appendicis
962 2753 1093 2818 exordio
1140 2753 1222 2815 Aes:
1252 2753 1347 2816 ocris:
1380 2773 1420 2814 en

273 2857 374 2920 habes
398 2856 637 2921 commissuras.
683 2857 838 2922 Eiusdem
866 2860 942 2923 novi
972 2860 1122 2944 glossarii
1146 2859 1325 2943 permultae
1348 2880 1420 2941 par-

274 2963 393 3026 ticulae
413 2986 431 3026 a
451 2964 555 3046 primo
570 2962 790 3047 Amploniano
812 2966 908 3030 facile
924 2966 1049 3050 seiungi
1072 2969 1222 3050 possunt,
1247 2964 1419 3029 dummodo

273 3091 314 3132 ne
338 3070 530 3136 litterarum.
546 3069 624 3134 ordo
647 3073 848 3155 neglegatur.
893 3072 963 3148 Quo
988 3071 1117 3156 quidem
1140 3072 1236 3137 modo
1265 3071 1324 3134 has
1348 3071 1419 3134 reli-

273 3176 365 3259 quias
389 3174 674 3261 enucleavimus²):

362 3339 383 3380 a
406 3318 533 3382 litterae
557 3319 622 3383 319
648 3318 692 3404 (p.
708 3319 937 3404 asam-516
961 3317 1005 3402 (p.
1020 3317 1140 3404 265b):
1164 3320 1214 3384 oh
1239 3357 1279 3365 -
1304 3341 1360 3383 aa·

362 3424 379 3487 b
405 3424 529 3488 litterae
554 3426 595 3490 88
620 3425 665 3510 (p.
680 3425 906 3509 amq-135
931 3421 975 3510 (p.
991 3421 1110 3508 mim:
1134 3423 1186 3487 bo·
1212 3459 1248 3468 -
1276 3425 1328 3488 da-

366 3553 382 3594 c
404 3532 531 3595 litterae
555 3532 621 3596 355
644 3529 688 3617 (p.
703 3531 926 3614 amq—405
950 3530 995 3616 (p.
1010 3530 1130 3615 285b):
1154 3552 1203 3594 ca-

363 3640 439 3701 det
461 3659 477 3701 e
499 3639 693 3702 litterarum:
729 3639 757 3703 .‘?
851 3691 856 3700 .

365 3745 529 3825 flitterae
557 3747 618 3810 114
642 3744 687 3833 (p.
702 3744 926 3832 3311)-161
954 3743 998 3828 (p.
1013 3743 1130 3827 amq:
1152 3743 1203 3824 fo·
1229 3779 1265 3788 -
1291 3741 1361 3828 fl-3)
1388 3795 1392 3802 .

359 3872 381 3933 p
403 3851 529 3915 litterae
554 3851 686 3916 60-90
710 3847 962 3936 (1133561911-
988 3887 1028 3925 .··-
1051 3870 1106 3931 ya-

348 4116 367 4185 ¹)
386 4117 552 4169 Asservatur
566 4114 594 4167 in
608 4115 780 4169 bibliotheca
793 4112 943 4167 Parisiensi
956 4113 989 4165 ut
1004 4113 1057 4166 ‘n0.
1070 4119 1138 4167 2717
1154 4113 1331 4181 supplement
1344 4114 1417 4167 fran-

274 4204 358 4274 pais’:
387 4204 420 4257 cl.
442 4203 623 4258 ‘Documento
641 4203 808 4272 historiques
827 4202 929 4255 inedits
947 4201 1016 4254 tires
1035 4201 1083 4254 des
1103 4200 1265 4255 collectione
1285 4219 1365 4255 mser.
1385 4203 1419 4256 de

273 4294 302 4346 la
320 4291 387 4345 bibl.
406 4291 512 4360 royale’
533 4292 553 4344 t.
569 4291 580 4343 Ι
599 4309 625 4359 p.
641 4297 701 4344 447.

347 4379 367 4447 ²)
389 4377 537 4434 Omisimus
556 4397 628 4449 quae
646 4379 738 4433 minus
757 4381 850 4433 certae
869 4380 935 4432 sunt
952 4378 1112 4446 particulas.

347 4469 367 4538 ³)
388 4468 561 4536 Quamquam
581 4468 749 4523 dissentiunt
767 4468 876 4536 glossae
897 4474 955 4521 120.
976 4473 1036 4522 135.
1057 4474 1116 4522 137.
1137 4474 1196 4520 140.
1219 4474 1276 4521 143.
