3232 5122
696 305 731 314 -.
780 267 931 332 250..

242 431 351 516 gentis
383 427 555 494 voluminis
589 427 783 512 glossarium
817 427 871 514 qui
903 426 1026 492 factum
1058 425 1102 490 sit
1133 431 1170 492 ut
1199 425 1233 489 in
1261 427 1387 492 tantam

245 536 360 602 molem
388 538 547 601 cresceret
575 556 640 600 non
669 533 800 598 difficile
829 537 879 599 est
906 533 1001 598 dictu.
1052 532 1271 617 Unaquaeque
1300 535 1387 600 enim

242 645 353 729 glossa
376 665 393 707 e
412 641 506 708 Pauli
529 642 673 726 epitoma
696 640 763 705 sive
787 663 804 706 e
826 641 909 730 libro
934 641 1116 724 glossarum
1134 661 1193 724 per
1210 640 1386 725 Ugutionis

242 751 293 816 vel
308 749 429 836 Papiae
447 749 567 814 rivulos
587 748 666 813 illuc
684 748 780 812 ducta
793 769 951 812 novarum
970 746 1153 832 glossarum
1172 746 1298 833 largam
1313 771 1386 832 pro-

241 857 364 922 creavit
387 859 540 941 segetem.
580 853 633 919 Sic
661 876 743 938 quae
771 853 848 918 olim
877 876 893 918 e
917 852 1015 918 Festo
1044 844 1248 937 excerpserat
1267 853 1386 921 Paulus

241 987 271 1048 p.
291 965 343 1047 32,
359 964 391 1028 1:
419 962 624 1027 ‘Bubinare
648 963 697 1025 est
720 968 885 1026 menstruo
908 961 1080 1025 mulierum
1104 961 1261 1046 sanguine
1283 962 1387 1046 inqui-

242 1070 322 1136 nari.
350 1070 509 1136 Lucilius:
527 1069 600 1134 doec
618 1069 723 1154 inquit
743 1073 769 1132 te
787 1067 970 1146 1111111001,
989 1073 1147 1132 utcontra
1165 1069 1387 1136 clamarat.

242 1176 500 1241 Imbalbitare
525 1179 575 1240 est
591 1175 709 1259 puerili
729 1177 870 1239 stercore
890 1173 1072 1258 inquinare,
1096 1175 1217 1240 dictam
1240 1199 1279 1242 ex
1302 1179 1388 1264 fimo,

215 1284 328 1374 ¹quod
353 1283 468 1348 Graeci
495 1283 663 1368 appellant
693 1280 862 1365 βόλβιτον’,
892 1273 931 1346 ea
957 1281 991 1345 in
1020 1281 1127 1348 codice
1152 1282 1313 1368 lipsiensi
1341 1286 1387 1351 sic

246 1390 464 1475 multiplicata
487 1394 629 1455 exstant:

286 1535 309 1597 f.
329 1534 426 1599 68¹a:
454 1533 582 1598 Bubino
602 1556 637 1597 as
657 1555 726 1616 are,
745 1554 868 1617 proquo
888 1531 945 1596 alii
963 1532 1076 1597 dicunt
1094 1533 1228 1599 balbino
1248 1557 1297 1619 as,
1316 1535 1386 1599 vide

293 1631 306 1658 ⁸
547 1640 642 1705 infra.
659 1675 662 1682 ·

287 1748 309 1810 f.
329 1748 432 1812 68'b:
456 1747 597 1812 Balbino
621 1770 675 1812 as.
704 1769 768 1813 are.
797 1747 989 1831 sanguinem
1016 1745 1190 1832 puerorum
1218 1749 1386 1834 inquinare

544 1858 576 1919 et
604 1859 679 1919 sunt
712 1855 832 1932 aetina,
865 1853 949 1918 (11011
971 1853 1079 1939 Hugo.
1123 1856 1169 1920 Et
1197 1858 1387 1942 quandoque
1501 1885 1505 1893 ⁴

544 1966 709 2046 ponuntur
731 1962 873 2047 passius,
895 1965 933 2025 ut
956 1960 1021 2027 ‘hic
1044 1961 1206 2028 bulbinat'
1230 1964 1282 2028 uel
1306 1963 1386 2029 ‘bal-

543 2068 639 2133 bitat'
659 2069 688 2132 ·i·
706 2069 765 2134 tali
785 2069 940 2153 sanguine
959 2070 1154 2153 inquinatur.
1178 2071 1271 2136 Unde
1294 2071 1386 2134 bubi-

544 2176 637 2240 nacio
654 2226 660 2240 .
678 2176 757 2240 onis.
780 2175 801 2239 1.
825 2176 991 2260 sanguinis
1019 2179 1185 2242 menstrui
1203 2177 1386 2262 inquinaoio

456 2283 640 2348 Balbitacio
655 2333 662 2347 .
677 2283 749 2347 onis
765 2331 771 2346 .
787 2282 954 2368 sanguinis
977 2283 1109 2368 puerilis
1133 2283 1319 2367 inquinacio

455 2382 680 2455 Bulbinarium
704 2389 745 2454 .ii.
770 2390 1073 2474 sanguis·mulieris
1097 2394 1297 2455 menstruoso

454 2485 685 2562 Bulbinaciu'm
708 2497 749 2562 ii.
772 2498 807 2562 in
831 2497 943 2562 eodem
967 2519 1062 2562 sensu
1085 2494 1234 2582 dicitur¹)

454 2603 648 2668 Bulbinatus
672 2627 708 2669 a.
732 2627 795 2668 um.
819 2595 975 2689 sanguine
998 2608 1163 2669 menstruo
1187 2605 1367 2669 maculatus

455 2711 642 2776 Bulbitatus
667 2734 703 2776 ,a
726 2735 789 2776 um.
814 2711 970 2796 sanguine
993 2711 1111 2794 puerili
1134 2711 1331 2794 inquinatus.

241 2853 294 2917 En
324 2853 425 2918 habes
456 2853 653 2918 scholiorum
675 2853 916 2918 Lucilianorum
945 2856 1020 2937 post
1048 2852 1201 2917 tredecim
1228 2853 1296 2918 fere
1320 2876 1386 2918 sae-

242 2959 315 3022 cula
337 2958 414 3024 fata.
463 2991 471 3006 ·

216 3091 222 3102 ·
330 3064 382 3130 Ab
408 3064 596 3150 Hugutione
623 3065 765 3149 pendent
793 3067 892 3131 etiam
918 3066 980 3130 duo
1009 3066 1090 3132 folia
1113 3066 1246 3134 membr.
1271 3068 1385 3133 biblio-

242 3172 354 3236 thecae
374 3154 536 3257 gpmnasii
551 3171 830 3238 Francofurtensis
850 3174 890 3238 ad
903 3173 1055 3238 Moenum
1075 3197 1156 3238 saec.
1175 3175 1236 3240 XV
1256 3176 1385 3260 scripta.

102 3286 105 3294 '
224 3277 472 3344 Columnarum
497 3301 577 3363 quae
600 3284 758 3344 vocantur
787 3279 903 3344 divisio
930 3281 1034 3364 nulla,
1063 3281 1118 3345 sed
1147 3283 1300 3348 continua
1327 3305 1386 3367 per

241 3387 387 3472 integras
423 3387 561 3471 paginas
599 3388 765 3471 scriptura.
814 3388 983 3453 Lemmata
1014 3410 1080 3453 non
1112 3389 1238 3456 diverso
1271 3391 1386 3474 colore,

242 3493 296 3558 scd
324 3493 445 3558 lineola
473 3494 584 3578 eodem
612 3517 674 3578 quo
698 3494 824 3579 reliqua
848 3494 970 3579 scripta
993 3500 1068 3560 sunt
1092 3500 1274 3563 atramento
1300 3498 1386 3581 picta

242 3600 471 3684 insigniuntur.
520 3599 612 3666 Folia
640 3625 659 3666 a
687 3602 763 3667 libri
791 3602 1023 3686 integumentis
1053 3603 1160 3667 soluta
1183 3603 1246 3668 dici
1273 3604 1386 3688 nequit

242 3731 338 3792 quam
367 3709 451 3773 male
479 3708 593 3772 habita
621 3710 696 3774 siut.
742 3709 886 3774 Alterius
916 3709 988 3774 folii
1018 3710 1145 3795 glossae
1173 3711 1246 3776 inde
1275 3734 1294 3775 a
1321 3713 1384 3794 dip-

241 3838 342 3900 usque
370 3817 410 3881 ad
437 3817 514 3900 dte,
542 3819 676 3883 alterius
705 3820 812 3882 autem
841 3816 916 3883 inde
946 3838 1073 3900 aaran
1088 3807 1200 3903 ¹usque
1229 3820 1269 3884 ad
1298 3821 1385 3886 talm-

241 3924 412 4008 pertinent.
457 3921 704 3989 Derivationum
736 3924 860 3989 indoles
891 3923 1028 3990 Osberni
1060 3925 1252 3992 Panormiae
1286 3927 1385 3991 simil-

241 4025 326 4095 lima'
348 4034 411 4116 est,
438 4031 502 4096 nisi
530 4030 614 4115 quod
643 4031 816 4114 scriptores
845 4031 1008 4096 rarissime
1038 4033 1231 4112 excitantur,
1259 4056 1323 4118 quo
1351 4035 1386 4098 in

241 4159 374 4203 numero
405 4138 456 4203 bis
485 4137 607 4223 speculi
635 4137 800 4203 cuiusdam
833 4136 925 4223 (num
952 4136 1117 4204 Vincentii
1145 4139 1384 4205 Bellovacensis

282 4417 287 4426 ·
316 4403 335 4470 ¹)
355 4403 415 4458 Hae
435 4402 505 4458 duae
525 4403 559 4457 de
581 4403 728 4459 batinario
747 4403 857 4478 glossae
875 4403 910 4458 ad
925 4403 1069 4460 Placidum
1086 4424 1113 4476 p.
1130 4405 1238 4473 13‚2D.
1258 4405 1383 4459 redeunt.
