3216 5126
712 323 951 389 -150-

263 486 381 564 laudm,
404 506 486 569 quae
510 489 619 568 aperte
635 484 856 550 contaminata
870 489 945 550 sunt
960 486 1091 552 alterius
1115 485 1252 551 alicuius
1277 485 1406 569 glossae

262 595 416 658 lemmate
436 592 570 676 omisso,
593 614 690 676 quam
709 592 894 676 opinionem
911 591 1090 658 Vaticanus
1110 594 1313 677 comprobat,
1336 593 1407 656 udo

262 718 351 766 reas:
376 697 566 782 triumphum
587 699 638 763 uel
660 699 765 764 laudes
787 699 808 764 f.
829 700 866 764 8r
889 699 1053 764 exhibens.
1099 699 1214 784 ltaque
1238 697 1408 783 triumphet

242 802 368 872 'laudes
391 793 429 870 ei
453 801 738 888 trtumpbutbaudes
759 807 873 869 natum
897 827 966 869 esse
990 804 1123 870 videtur.

351 913 467 977 Restat
486 912 717 996 glossariolum
737 911 869 995 aliquod
886 934 951 977 non
965 912 1101 997 malum,
1125 912 1209 998 quod
1232 912 1312 978 item
1335 935 1407 979 cum

263 1021 432 1100 Vaticano¹
453 1017 651 1104 ‘cognatum'
681 1021 738 1082 est.
784 1017 904 1083 Exstat
931 1018 966 1082 in
994 1018 1101 1084 codice
1129 1017 1318 1084 Bernensi
1341 1020 1406 1086 258

263 1129 319 1195 fol.
343 1129 478 1192 membr.
502 1148 583 1192 saec.
606 1125 650 1210 X,
677 1125 756 1190 olim
779 1125 869 1192 Petri
891 1123 1052 1210 Danielis,
1084 1121 1152 1190 ubi'
1169 1127 1328 1192 decimum
1358 1130 1408 1192 est

264 1236 349 1300 iuter
372 1233 631 1320 quattuordecim
655 1231 825 1316 glossaria.
857 1231 1002 1296 Pertinet
1025 1236 1133 1298 autem
1156 1233 1230 1298 inde
1249 1256 1269 1296 a
1286 1233 1309 1298 f.
1326 1235 1408 1299 177*

263 1341 465 1408 ‘amoenumz
484 1339 601 1424 fertile,
614 1339 787 1403 iocundum
830 1337 1025 1403 archanum:
1045 1341 1204 1403 secretum
1246 1339 1407 1424 alioquin:

265 1451 360 1533 atque
383 1446 468 1513 ideo'
498 1439 664 1530 usquead
691 1445 713 1509 f.
739 1446 822 1510 183*
847 1446 1022 1512 ‘vicissimz
1046 1446 1185 1511 inuicem
1229 1446 1406 1512 uiolentia:

260 1555 328 1619 uim
347 1555 456 1619 ualida
501 1554 659 1618 uastitas:
679 1552 854 1618 contritio?
893 1554 985 1619 Intra
1003 1553 1206 1637 singularum
1224 1553 1407 1619 litterarum

262 1663 421 1728 ambitum
444 1661 552 1726 nullus
577 1660 655 1726 ordo
675 1661 874 1726 observatur.
903 1660 982 1738 Inde
998 1663 1147 1744 excerpta
1161 1660 1408 1744 suppeditarunt

260 1768 425 1834 Usenerus
450 1765 588 1854 (rt—M)
614 1772 647 1832 et
670 1765 825 1854 Hagenus
850 1765 994 1853 (N-U).
1035 1766 1152 1832 Insunt
1174 1768 1302 1852 glossae
1326 1766 1406 1831 Ver·

262 1877 417 1962 gissanae,
447 1874 683 1960 geographicae
711 1874 854 1960 (praeter
876 1875 1023 1941 triuiales
1046 1876 1166 1940 multas
1192 1875 1292 1939 etiam
1314 1873 1408 1940 haec:

261 1982 489 2066 smptcatsulas:
512 1979 801 2067 arpeuttfodiuuffl),
825 1982 1005 2066 exquisitae
1029 2004 1096 2047 non
1118 1979 1286 2068 paucaeb:
1311 1984 1407 2067 atque

261 2088 324 2153 hac
346 2088 381 2152 in
402 2090 496 2172 parte
519 2089 629 2172 posita
649 2092 699 2153 est
722 2089 910 2173 glossarioli
929 2112 1001 2155 cum
1015 2089 1176 2154 Vaticano
1194 2089 1408 2154 necessitudo.

262 2195 374 2261 ludica
396 2196 483 2279 ipse:

370 2371 430 2425 cod.
450 2370 598 2426 Bemensis
617 2376 668 2426 258
679 2371 712 2426 ¹⁰:
958 2372 1021 2432 uod.
1040 2371 1194 2428 Vaticanus
1213 2377 1298 2426 3321:

263 2477 281 2530 f.
299 2481 403 2531 ltss'e:
422 2477 531 2532 duunts
550 2479 631 2547 dant,
650 2478 779 2533 tribuunt
850 2479 869 2533 f.
889 2484 954 2532 45':
974 2478 1064 2533 dunts
1084 2478 1165 2548 dant,
1184 2477 1313 2533 tribuunt

423 2566 603 2637 decipulums
622 2567 786 2638 deceptione
850 2568 869 2621 f.
888 2572 953 2622 381:
972 2567 1151 2636 decipulum:
1170 2567 1363 2637 deceptionem
1408 2616 1411 2626 ,

267 2731 480 2741 0—--—-—-

352 2871 450 2908 manus
468 2853 628 2923 posterior);
656 2853 767 2924 glossae
794 2854 858 2922 post
878 2851 979 2907 Salam.
1003 2853 1022 2906 f.
1043 2857 1133 2907 241fa
1159 2853 1338 2923 (adfuissent,
1362 2854 1410 2908 sed

353 2942 426 2998 inter
445 2945 545 3012 adsu).

264 3031 344 3084 Nihil
370 3031 549 3086 tribuendum
577 3033 619 3086 est
643 3031 766 3087 Osberno
793 3049 820 3101 p.
841 3037 906 3086 525:
937 3031 998 3086 ‘suo
1026 3033 1202 3103 componitur
1226 3074 1232 3088 .
1311 3049 1411 3086 assuo

265 3119 319 3186 .is.;
338 3119 403 3174 inde
422 3122 531 3174 assutus
552 3137 584 3176 a.
604 3120 673 3189 um',
693 3122 755 3174 curii
774 3119 991 3176 innumerabilia
1009 3121 1164 3190 composita
1182 3121 1231 3176 ille
1250 3123 1347 3192 fingat.
1374 3123 1413 3175 At

264 3208 319 3261 fide
340 3208 441 3278 dignae
461 3210 525 3263 sunt
543 3209 596 3263 hae
616 3210 738 3279 glossaes
764 3203 926 3279 ‘a’ssuere,
945 3226 1090 3278 consuere,
1110 3228 1188 3266 suere
1207 3209 1249 3264 ita
1270 3211 1412 3265 differunt:

267 3314 404 3352 assuere
424 3297 540 3365 corium,
560 3309 690 3351 consuere
710 3297 829 3364 vestem,
854 3314 931 3352 suere
951 3298 1086 3353 codicem'
1107 3299 1237 3370 glossarii
1256 3299 1412 3354 Salomonis

266 3387 284 3440 f.
305 3391 363 3439 4'a
387 3387 416 3440 et
441 3386 701 3440 ‘assumentum
722 3384 945 3440 additamentum
969 3386 1027 3441 sive
1050 3403 1115 3456 pars
1139 3389 1323 3444 assuenda’
1344 3389 1411 3444 Vin-

267 3474 351 3528 centii
369 3474 587 3543 Bellovaoensis,
615 3490 732 3542 quarum
759 3472 874 3528 alterius
898 3474 1034 3546 originem
1058 3474 1180 3530 ostendit
1206 3477 1412 3533 ‘vocabularius

266 3562 456 3633 breviloquus’
477 3564 546 3618 haec
565 3563 710 3618 exhibens:
731 3563 933 3618 ‘assumentum
952 3581 986 3618 .n.
1008 3582 1027 3617 s.
1049 3563 1114 3634 [hoc
1132 3567 1187 3620 est:
1209 3565 1345 3620 ‘neutrius
1364 3581 1411 3636 ge·

266 3652 349 3722 neris,
368 3653 505 3708 secundae
525 3651 746 3722 declinationis']
767 3652 810 3705 est
827 3651 879 3705 illa
896 3669 969 3722 pars,
989 3670 1043 3726 que
1059 3652 1093 3706 de
1108 3652 1203 3723 aliquo
1218 3654 1354 3724 accipitur
1367 3655 1413 3709 vel

267 3740 418 3796 assumitur
441 3737 477 3796 ad
500 3743 606 3811 aliquid
625 3741 784 3797 faciendum
802 3741 847 3796 vel
865 3741 1063 3810 reparandum
1084 3743 1157 3797 unde
1175 3742 1263 3797 Marci
1281 3749 1310 3797 2:
1336 3760 1412 3797 acmo

268 3836 490 3886 assumentum
500 3834 595 3901 pauut
608 3833 687 3886 rudis
701 3832 813 3886 assuit
826 3832 980 3886 uestimento
994 3832 1084 3901 ueteri,
1100 3832 1180 3901 quasi
1195 3833 1311 3887 diceret:
1331 3849 1412 3887 nemo

268 3919 377 3989 sapiens
396 3920 541 3992 coniungit
558 3938 651 3990 panno
670 3907 758 3978 veteri
776 3923 886 3992 partem
903 3922 970 3976 noui
988 3922 1083 3991 panni,
1106 3939 1190 3992 quam
1209 3922 1360 3992 assumpsit
1378 3921 1413 3975 de

268 4008 361 4079 aliquo
380 4026 453 4064 nouo
472 4010 586 4079 panno’.

342 4099 362 4167 ¹)
382 4098 421 4153 Cf.
435 4099 518 4154 Pauli
531 4099 644 4153 Festum
658 4117 685 4168 p.
701 4105 761 4169 331,
771 4106 802 4154 4:
823 4100 1063 4169 ‘Scaptensula
1080 4102 1158 4156 locus
1172 4100 1221 4156 ubi
1235 4101 1413 4172 argentum

270 4186 455 4242 effoditur.
472 4233 478 4245 .
494 4188 516 4242 .’
538 4190 566 4242 et
584 4189 794 4244 Lachmannum
814 4190 850 4243 ad
868 4189 1029 4245 Lucretium
1047 4191 1094 4260 Vl,
1110 4198 1161 4247 810
1180 4209 1207 4260 p.
1223 4195 1283 4245 395.

343 4276 363 4345 Β)
381 4277 467 4332 Velut
490 4279 632 4352 barrituss
655 4294 710 4332 uox
734 4280 878 4346 eborata-33
907 4279 1008 4335 brocas
1034 4282 1144 4336 tatrosu
1162 4281 1206 4334 uet
1224 4296 1292 4349 quac
1310 4281 1414 4336 dautem

270 4364 347 4418 labro
361 4367 504 4433 propettz't3
524 4367 664 4422 lutearia:
685 4367 798 4422 tibidiue
813 4369 856 4422 uet
871 4368 1025 4438 uoluntatc3
1044 4369 1243 4441 pemiuusiuru:
1263 4370 1336 4424 scota
1350 4371 1413 4441 pbi-

270 4454 453 4524 losophorum
472 4454 501 4508 id
519 4472 607 4528 genus
624 4455 738 4513 multae.
