3232 5122
686 322 731 388 3-
776 283 842 349 252
886 321 930 344 —.

239 443 338 508 ctiam
355 443 616 528 vocabularii,
640 463 775 529 quorum
796 417 889 529 larga
910 443 1003 527 copia
1024 443 1116 527 typis
1134 442 1291 526 impressa
1315 441 1382 526 qui-

238 550 311 614 dem
343 552 405 634 est,
437 551 493 616 sed
525 550 585 628 sub
617 551 690 635 ipsa
720 554 849 616 tantum
880 550 1135 636 typographicae
1168 549 1247 614 artis
1280 548 1382 614 initia.

238 657 356 724 Postea
379 657 521 723 enimin
544 679 656 722 eorum
679 659 787 724 locum
810 661 976 724 cesserunt
998 656 1126 723 Iuniani
1145 656 1226 721 Maii
1247 647 1382 720 Parthe-

237 765 332 848 nopei
341 763 364 850 ¹)
392 766 430 829 de
455 766 636 850 priscorum
659 766 858 850 proprietate
886 767 1058 831 verborum
1071 844 1072 848 Ἰ
1086 764 1297 846 collectanea,
1319 761 1382 828 Ne·
1489 783 1494 790 ·

239 871 335 936 storis
348 871 502 956 Dionysii
516 870 771 960 Novariensis2),
786 871 952 938 Ambrosii
967 871 1124 955 Galepini,
1139 871 1276 968 aliorum
1296 869 1382 954 libri,

237 977 293 1041 ubi
307 977 489 1062 glossarum
505 1000 572 1043 non
585 979 651 1044 iam
665 979 749 1043 ratio
768 979 919 1063 habetur,
939 977 994 1043 sed
1011 999 1166 1062 purorum
1180 976 1382 1060 incorrupto·
1444 1037 1447 1042 i

186 1067 198 1092 ⁴
237 1107 372 1169 rumque
392 1084 531 1150 fontium
549 1085 757 1169 —ipsorum
780 1085 983 1170 antiquitatis
1007 1075 1208 1167 scriptorum.
1237 1081 1381 1168 Medium
1470 1161 1479 1176 .

237 1191 321 1254 inter
336 1227 338 1233 =
351 1190 434 1256 tales
468 1191 568 1256 libros
602 1214 734 1275 prorsus
762 1192 905 1258 novicios
935 1194 968 1256 et
997 1190 1095 1255 medii
1123 1189 1194 1254 aevi
1222 1189 1382 1274 glossaria

236 1299 342 1364 locum
371 1297 570 1364 vocabularii
596 1321 662 1363 non
694 1300 777 1364 nulli
804 1301 930 1383 tenent,
963 1319 1026 1382 quo
1055 1319 1093 1361 ex
1119 1319 1253 1362 numero
1270 1319 1380 1368 ,unum

237 1405 335 1468 affero
364 1404 637 1490 Breviloquum
671 1407 726 1490 qui
759 1409 900 1472 vocatur.
946 1405 1076 1470 Etenim
1109 1426 1302 1489 quamquam
1334 1404 1381 1468 ibi

238 1533 363 1594 qnoque
386 1513 539 1595 permulti
563 1513 735 1596 scriptores
755 1510 980 1601 excitanturjl),
1003 1505 1250 1577 fundamentum
1271 1515 1381 1576 tamen

235 1621 272 1681 ut
294 1617 342 1682 ita
365 1618 469 1682 dicam
492 1619 595 1685 totius
619 1619 774 1684 materiae
802 1618 960 1704 glossaria
988 1621 1077 1683 sunt:
1114 1616 1232 1701 Papias
1255 1639 1381 1702 nempe,-

236 1723 341 1808 Brito,
370 1724 510 1810 Alanus,
537 1723 571 1788 id
597 1724 682 1808 quod
710 1722 854 1810 auctor4)
886 1723 1094 1790 ‘vocabularii
1118 1723 1300 1808 breviloqui
1323 1725 1380 1788 tri-

310 1881 329 1950 ¹)
348 1881 442 1937 Utitur
459 1881 596 1949 Varrone,
619 1883 714 1953 Festo,
738 1883 842 1951 Nonio,
862 1881 965 1952 Gellio,
989 1881 1113 1960 Donato,
1136 1881 1292 1948 Prisciano,
1316 1881 1379 1934 Ful-

235 1969 343 2038 gentio,
362 1968 513 2026 Laurentio
532 1972 628 2040 Valla,
647 1971 724 2042 aliis,
742 1971 843 2042 glossis
862 1973 956 2026 autem
975 1970 1067 2025 nullis.
1105 1971 1218 2024 Praesto
1237 1969 1308 2023 mihi
1327 1971 1381 2026 fuit
1469 1985 1473 1994 ⁴

235 2059 344 2114 Veneta
362 2065 470 2134 a.1485
491 2060 585 2115 editio.
663 2080 681 2108 a

308 2148 328 2217 ²)
347 2149 390 2202 Ihi
408 2148 454 2202 hic
472 2148 532 2202 illic
551 2149 699 2219 Ugutionis
717 2148 823 2206 mentio
841 2149 885 2205 fit:
910 2138 1053 2218 ceteroqui
1070 2149 1226 2218 glossarum
1245 2165 1297 2203 nec
1315 2149 1381 2204 vola

235 2253 286 2290 nec
305 2235 466 2306 vestigium.'

308 2327 433 2397 ³)-Velut
447 2327 582 2398 Avianus,
602 2328 755 2399 Vergilius,
774 2328 926 2396 Iuvenalis,
946 2330 1086 2397 Lucanus,
1105 2328 1211 2384 Plinius
1229 2327 1379 2396 Secundus,

160 2428 163 2433 ·
235 2415 404 2484 Macrobius,
429 2414 552 2482 Persius,
573 2414 701 2483 Ovidius,
724 2417 903 2485 Prudentius,
924 2417 1105 2486 Claudianus,
1128 2416 1299 2485 Priscianus,
1322 2418 1378 2472 Ho-

235 2522 328 2559 merus
348 2504 417 2559 Cato
435 2505 529 2558 Macer
547 2489 701 2574 person'ati,
721 2505 846 2574 Boetius,
865 2506 1017 2575 Martialis,
1036 2507 1094 2562 alii.

307 2595 327 2663 ⁴)
347 2593 399 2650 Est
413 2596 507 2649 autem
523 2593 628 2665 Oapnio
643 2593 701 2649 sive
716 2595 894 2649 Reuchlinus.
919 2595 1016 2649 Liceat
1030 2593 1183 2648 exscribere
1197 2594 1292 2661 verba,
1307 2612 1378 2662 quaa
1488 2659 1492 2666 Ι

235 2684 263 2736 in
287 2683 414 2753 exemplo
437 2682 625 2738 bibliothecae
644 2683 835 2754 Gottingcnsis
855 2684 980 2739 ‘Colonia
1000 2685 1079 2738 Anno
1099 2666 1148 2738 d'ffl
1166 2683 1376 2759 Mocccbxxrvr’

233 2773 367 2841 impresso
385 2773 522 2842 inscripta
539 2773 651 2842 repperi
668 2772 737 2828 folio
757 2773 830 2840 quod
853 2772 908 2842 ipsi
933 2772 999 2826 libri
1022 2771 1105 2827 titulo
1123 2772 1267 2841 praecedit
1285 2789 1378 2827 verso:

236 2861 460 2934 ‘Commendatio
491 2861 648 2932 Philippi
678 2861 932 2916 Melanohtonis
964 2860 1245 2918 reuerendissimi
1280 2877 1378 2930 prac-

235 2951 387 3020 ceptoris
415 2952 522 3005 nostri
551 2967 633 3020 super
660 2949 865 3018 breuiloquium
893 2949 1112 3004 uocabularium.
1154 2950 1191 3003 Et
1217 2949 1261 3004 his
1286 2951 1379 3005 uerbis

234 3040 414 3109 sequentibus
442 3038 481 3093 sic
509 3040 585 3097 dicit.
630 3039 670 3094 Eo
699 3042 825 3109 tempore
854 3042 882 3094 et
908 3040 1008 3094 fratres
1031 3038 1211 3094 Amorbachii
1239 3038 1379 3094 officinam

234 3127 470 3198 typographicam
487 3128 677 3184 instituerunt.
710 3128 763 3193 Qui
781 3145 845 3182 cum
863 3128 1015 3183 desiderari
1032 3127 1161 3187 uiderent
1179 3128 1298 3182 latinum
1317 3129 1379 3183 ὀνο-

234 3218 376 3284 μαετικὸν,
401 3215 505 3286 Capnio
524 3216 627 3272 librum
646 3216 761 3287 collegit
779 3215 824 3271 oui
842 3217 942 3271 titulus
961 3219 1004 3271 est
1022 3217 1213 3287 breuiloquus,
1236 3217 1285 3286 qui
1303 3220 1378 3286 tunc,

234 3323 297 3359 cum
323 3305 447 3366 nondum
471 3305 600 3360 meliores
625 3304 691 3359 libri
715 3305 744 3359 in
769 3307 822 3360 hoc
847 3322 949 3376 genere
974 3306 1157 3374 haberentur,
1184 3306 1213 3359 et
1239 3297 1378 3374 expetitus

234 3396 276 3450 cst
301 3397 329 3449 et
357 3393 456 3449 studiis
483 3395 610 3464 proluit'.
647 3395 724 3449 Haec
753 3393 895 3463 scripsisse
922 3393 1033 3448 videtur
1060 3393 1271 3461 ‘Meelfrihrer',
1300 3394 1377 3448 cuius

234 3499 335 3537 nornen
352 3484 382 3537 in
400 3482 466 3536 libri
479 3483 497 3536 f.
514 3489 546 3536 1¹
564 3483 614 3537 sub
633 3483 716 3538 titulo
732 3483 829 3539 exstat·
858 3482 988 3537 Ceterum
1006 3483 1093 3537 verba
1112 3483 1157 3538 ‘eo
1175 3483 1312 3554 tempore’
1333 3503 1377 3538 us-

234 3589 287 3641 quc
315 3571 351 3626 ad
376 3569 486 3625 ‘studiis
509 3569 625 3639 proluit'
654 3571 712 3641 legi
744 3571 829 3626 etiam
856 3571 885 3626 in
915 3572 975 3627 vita
1003 3571 1153 3642 Capnionis
1182 3589 1200 3626 a
1226 3573 1378 3628 Melchiore

233 3660 341 3714 Adamo
370 3659 489 3728 scripta,
517 3659 565 3714 ubi
592 3663 688 3716 tamen
716 3661 803 3716 habes
832 3661 892 3730 ‘qni
914 3661 980 3739 hinc
1004 3662 1087 3715 cum'.
1125 3660 1290 3716 Rectissime
1313 3661 1377 3716 Phi·

233 3750 327 3818 lippus
354 3747 616 3816 ‘breviloquus
637 3749 775 3818 expetitus
801 3749 868 3804 cst’:
902 3749 1069 3805 documento
1095 3752 1160 3806 sunt
1185 3750 1377 3819 frequentissi-

234 3855 296 3892 mae
311 3837 370 3892 eius
384 3836 528 3892 editiones.
555 3837 617 3906 Ipse
636 3838 744 3908 inspexi
763 3837 949 3893 bibliothecae
962 3837 1153 3909 Gottingensis
1171 3839 1267 3894 hasce:
1289 3839 1377 3894 ‘Basi-

116 4010 121 4023 ,
233 3921 722 4018 1e9.Ann0en”1.io.ocoo.nxxxr
749 3944 878 4018 ‘sesua
893 3941 974 3999 Anno
989 3944 1094 4000 domini
1104 3945 1375 4001 uccccnxxxi’

223 4035 356 4107 '‘Basilep
380 4033 459 4089 Anno
483 4033 596 4090 Domini
619 4031 887 4088 MCCCCLXXXII'.
927 4033 1048 4107 ‘Basilcp
1071 4028 1257 4106 pNioolaum
1281 4035 1378 4090 Kesl'er
1434 4041 1437 4044 ’

232 4142 313 4195 Anno
331 4121 387 4197 aii.
408 4139 707 4194 mccoonxxxvr.
746 4139 871 4194 ‘coronae
889 4140 969 4194 Anno
989 4125 1039 4195 effi
1055 4141 1277 4196 uccsenfflvr.
1316 4141 1377 4194 ‘Ar-

232 4230 346 4300 gentine
364 4232 445 4286 Anno
469 4227 573 4284 domini
592 4226 786 4282 MCCCCXCV
804 4226 912 4281 Finitus
931 4227 1021 4282 altera
1039 4229 1084 4284 die
1107 4231 1172 4298 post
1190 4229 1293 4283 festum
1311 4229 1377 4282 Bar-

186 4379 187 4384 ,
232 4319 367 4373 tholomei
390 4318 532 4388 apostoli’.
571 4316 736 4386 ‘Argentine
755 4316 835 4370 Anno
860 4299 908 4370 diii
931 4317 1032 4387 mnaj.
1062 4318 1099 4388 [h.
1120 4335 1143 4372 e.
1164 4318 1245 4390 1501]
1270 4317 1378 4372 Finitus

236 4407 326 4462 altera
344 4408 389 4462 die
408 4411 473 4478 post
491 4405 702 4463 Bartholomei’.
