3216 5126
676 292 913 355 —103-

96 463 97 466 ’
222 452 367 536 Explicit
390 456 476 537 quat.
501 451 605 533 [XXI]
630 453 652 518 f.
672 455 728 518 SV:

334 557 447 623 Zozia·
471 558 572 643 signa.
592 560 675 624 unde
699 561 879 626 zoziatieus
899 562 1047 627 circulus.

333 666 437 729 Zimia
459 665 627 730 fermenti.
651 667 735 730 unde
760 668 862 732 azima
885 669 1006 752 absque
1029 669 1199 736 fermento.

275 771 459 838 uuum
482 771 678 859 arosvm
699 773 868 859 riulan

222 877 380 944 Secuntur
401 879 520 944 iterum
543 901 654 944 versus
679 881 720 944 ab
745 881 856 945 eadem
880 903 978 944 manu
1002 881 1131 966 scripti:

376 985 445 1050 Has
469 1007 528 1070 ego
553 1008 692 1071 pparuas
717 987 827 1052 studui
850 989 1045 1073 coniungere
1069 988 1206 1074 linguas.

376 1095 445 1178 ipse
468 1094 552 1158 mico
572 1094 606 1178 sss
625 1117 745 1179 paruus
770 1117 806 1159 ac
831 1096 966 1160 minimo
990 1097 1153 1161 minimus.

376 1201 464 1284 ipsas
486 1208 530 1265 na
553 1202 654 1265 lector
676 1207 843 1285 percurrat
867 1205 991 1275 mentes
1016 1204 1118 1286 agaci.

377 1311 408 1371 et
432 1308 583 1392 reprobet
606 1309 725 1392 proba·
749 1331 830 1393 quae
853 1311 936 1374 bona
961 1315 1036 1374 sunt
1060 1311 1174 1394 capiet

374 1413 574 1479 Almotheon
596 1415 698 1498 tyrsis
723 1416 787 1480 orti
811 1416 953 1480 subcolle
977 1415 1174 1499 pelori
1261 1422 1267 1427 ”

219 1522 390 1605 Excerpsit
413 1525 522 1586 autem
537 1521 725 1586 Theodorus
744 1526 873 1606 praeter
887 1523 1003 1587 abacos
1022 1523 1148 1606 glossas
1164 1524 1262 1587 etiam
1277 1523 1365 1590 Festi

185 1709 186 1716 ¹
220 1628 396 1711 epitomem
420 1628 559 1693 aPaulo
583 1629 778 1712 confectam,
802 1630 835 1693 id
859 1629 945 1713 quod
969 1630 1144 1713 exprimis
1169 1631 1235 1694 illis
1259 1632 1364 1696 tribus

219 1735 338 1818 glossis
362 1733 415 1820 (cf.
434 1735 571 1800 Paulum
594 1759 624 1820 p.
646 1738 678 1819 1,
699 1738 752 1820 173
776 1739 806 1820 2,
821 1736 855 1820 53
879 1738 908 1819 3,
926 1735 980 1823 10)
1005 1740 1148 1821 apparet.
1181 1737 1251 1814 Qua
1272 1739 1307 1802 in
1330 1761 1364 1802 re

219 1842 308 1924 quali
322 1841 416 1906 Pauli
431 1831 549 1908 ‘codice
566 1865 644 1907 usus
664 1844 707 1907 sit
729 1865 814 1908 nunc
836 1843 1011 1907 nescimus:
1035 1843 1163 1906 ridetur
1186 1847 1294 1908 autern
1313 1829 1364 1908 res

219 1949 317 2032 digna
341 1971 411 2014 esse
430 1951 464 2013 in
487 1972 584 2033 quam
605 1951 784 2015 accuratius
808 1951 1005 2034 inquiratur,
1025 1972 1096 2014 cum
1116 1951 1196 2013 satis
1216 1952 1364 2015 vetustus

219 2057 262 2119 sit
291 2057 402 2140 codex,
425 2057 605 2121 vetustiora
638 2059 737 2122 etiam
765 2057 927 2121 Theodori
961 2057 1157 2122 collectanea
1185 2059 1217 2119 et
1244 2079 1364 2141 versus,

218 2167 330 2246 utpote
362 2165 396 2228 in
426 2164 629 2228 Bruxellensi
660 2187 727 2229 non
759 2164 964 2228 mediocriter
997 2164 1061 2227 iam
1096 2164 1257 2247 corrupta.
1302 2163 1365 2239 Qui

218 2270 347 2354 quidem
370 2293 481 2334 versus
505 2275 541 2335 ut
563 2272 664 2355 probe
688 2272 956 2355 intellegerentur
978 2271 1048 2354 ipse
1071 2273 1168 2354 poeta
1190 2270 1363 2334 curandum

196 2364 198 2372 ¹
217 2378 352 2460 putavit.
384 2378 526 2442 Inseruit
544 2379 631 2443 enim
646 2379 805 2462 excerptis
826 2379 926 2444 etiam
946 2377 1113 2463 ‘glosulas'
1133 2378 1172 2442 ad
1188 2399 1247 2440 sua
1260 2377 1363 2460 ipsius

218 2483 360 2548 earmina
384 2489 575 2568 spectantes.
607 2484 708 2549 Velut
731 2508 827 2569 quam
850 2485 871 2549 f.
887 2486 924 2549 3¹
946 2485 1047 2548 habes
1071 2484 1254 2548 oleniuolus·
1278 2482 1364 2549 solun

216 2589 329 2654 liabens
346 2591 516 2676 uoluntate,
541 2614 579 2656 ea
602 2593 670 2656 sine
694 2591 791 2656 dubio
816 2592 982 2656 referenda
1006 2595 1055 2655 est
1079 2592 1119 2655 ad
1143 2614 1271 2657 versum
1290 2591 1364 2655 f.1r

217 2697 282 2760 iam
304 2697 390 2761 uobis
408 2699 535 2763 minime
552 2703 644 2780 pater
666 2698 841 2763 almircole
862 2699 973 2762 asserit
994 2698 1058 2762 ultr
1081 2748 1087 2761 .

306 2802 341 2890 3)
365 2804 552 2869 Earundem
576 2787 758 2890 glossarum
782 2805 899 2868 codicis
913 2803 1158 2870 Monacensis
1181 2803 1238 2868 lat.
1256 2802 1362 2876 14252

217 2911 368 2975 notitiam
390 2910 430 2975 A.
454 2912 663 2998 Deuerlingio
689 2913 798 2976 debeo.
845 2912 914 2987 Quo
938 2912 973 2975 in
996 2912 1080 2975 libro
1104 2910 1177 2974 inde
1191 2915 1222 2974 'a
1244 2910 1265 2974 f.
1287 2913 1362 2974 lfa:

217 3016 392 3101 ‘Incipiunt
415 3018 506 3102 glose
527 3019 643 3084 effatae
659 3023 691 3084 et
704 3020 828 3103 relique
849 3018 958 3082 decem
976 3041 1062 3082 nouo
1083 3022 1115 3081 et
1138 3018 1240 3081 ueteri
1263 3021 1362 3082 testa·

216 3144 325 3206 mento
350 3164 405 3208 seu
429 3165 468 3206 ex
491 3143 777 3226 ethimologiarum
806 3142 997 3226 spiritaliter
1021 3123 1173 3227 {positae
1194 3141 1199 3225 1
1224 3142 1362 3206 Abauu:

216 3243 308 3331 pater
331 3249 420 3332 paui,
444 3248 495 3311 ide
519 3270 598 3312 auus
624 3247 687 3312 aui'
708 3271 807 3332 usque
827 3248 867 3312 ad
885 3249 907 3312 f.
925 3250 1020 3312 173v:
1045 3248 1207 3312 ‘Zizaniat
1226 3247 1340 3312 lolium
1357 3245 1359 3334 l

217 3354 392 3439 expliciunt
415 3354 527 3438 glosae
549 3357 552 3432 l
573 3355 633 3419 deo
657 3355 782 3440 gratias
803 3359 808 3434 l
829 3349 934 3419 amen’
958 3355 1130 3439 pertinent.

305 3459 340 3546 4)
364 3460 494 3525 Plenior
519 3459 664 3526 ‘abavus'
688 3462 871 3545 glossarum
894 3462 1051 3526 memoria
1075 3461 1173 3524 etiam
1196 3461 1230 3524 in
1254 3460 1362 3525 codice

216 3568 393 3633 Parisino
419 3568 505 3632 7680
529 3590 609 3632 saec.
633 3567 663 3632 X
687 3566 854 3654 exeuntel)
879 3569 1000 3652 scripto
1024 3565 1066 3631 4⁰
1089 3571 1202 3632 exstat.
1239 3566 1362 3633 Narrat

217 3676 303 3738 enim
332 3674 519 3744 Rudortfius
552 3675 572 3739 l.
601 3697 625 3739 e.
653 3697 676 3738 s.
713 3673 798 3738 hunc
832 3674 1034 3739 simillimum
1068 3695 1137 3737 esse
1169 3673 1361 3738 Hildebran-

216 3783 327 3866 diano,
355 3781 537 3846 uberiorem
567 3786 690 3865 tamen,
721 3784 861 3865 itemque
890 3780 942 3844 Du
969 3779 1090 3844 Rienus
1119 3779 1200 3842 mihi
1229 3781 1359 3863 scripsit

196 3876 340 3952 '‘omnes
367 3887 434 3952 fere
458 3888 672 3952 Hildebrandi
700 3888 826 3972 glossas
850 3887 885 3951 in
908 3908 946 3951 eo
970 3887 1088 3969 inesse,
1118 3886 1173 3950 sed
1197 3885 1361 3950 uberiores

216 3996 418 4080 plerumque:
450 3999 619 4079 praeterea
647 3995 767 4059 multas
795 3995 870 4058 inde
898 4015 999 4057 novas
1023 3993 1092 4076 peti
1115 3990 1232 4075 posse?
1279 3990 1360 4057 Gon-

217 4102 317 4166 sentit
346 4101 445 4165 etiam
475 4101 671 4186 principium
699 4100 865 4186 glossarii:
903 4100 1053 4164 Abusus:
1075 4103 1167 4179 pater
1191 4120 1249 4180 pro
1264 4147 1361 4164 .....

233 4377 236 4385 .
290 4331 309 4399 ¹)
328 4331 470 4386 Rudorffio
490 4347 560 4386 saec.
579 4330 620 4384 IX
638 4288 757 4399 scriptus
777 4346 836 4384 esse
854 4329 979 4397 videtur,
998 4327 1166 4382 Baehrensio
1186 4327 1259 4382 sieut
1277 4346 1361 4398 supra

215 4419 349 4476 dedimus,
