3232 5122
704 350 947 414 -212-

258 509 304 574 Elt
317 513 536 594 praeterea-
546 513 675 595 atquae
690 511 861 595 utrobique
877 509 1080 575 consentiunt
1093 510 1242 574 omittam
1252 547 1294 557 —
1308 509 1402 576 haec:

258 650 414 704 ΑΒΛΑΒΗ(
436 650 564 717 illaesus,
582 650 723 720 innoxius,
739 650 816 704 inno·
844 651 964 718 ἀβλαβής
981 648 1094 716 inlesus,
1107 648 1244 718 innoxius,
1259 649 1402 721 innocuus,

470 756 515 795 ces
891 774 895 780 -
929 763 933 770 ·
1020 738 1152 792 innocens

258 828 400 888 ΑΒΛΕΨΙΑ
437 828 595 883 sollicitudo
844 827 962 894 ἀβλεψία
983 827 1109 883 cecitudo

257 917 417 972 ΑΒΟΥΛΟ(
435 917 617 987 incogitatus‚
636 907 809 971 inconsultus
845 920 963 983 ἄβουλος
983 917 1154 987 incogitans‚
1172 917 1345 971 inconsultus

257 1005 366 1061 ΑΒΡΟ(
434 1005 543 1076 glaber,
562 1005 699 1061 delicatus
845 1007 928 1073 ἀβρόε
982 1006 1090 1076 pleves,
1110 1006 1246 1060 delicatus

258 1152 328 1217 Hae
358 1150 592 1235 discrepantiae
625 1150 672 1214 ita
699 1152 905 1235 comparatae
933 1153 1019 1234 sunt,
1049 1154 1085 1214 ut
1112 1173 1190 1215 num
1219 1149 1402 1235 Stephanus

258 1279 292 1320 re
316 1279 392 1322 vera
415 1257 525 1322 codice
547 1254 755 1322 Laudunensi
777 1279 854 1322 usus
879 1257 923 1320 sit
945 1257 1087 1322 dubitari
1113 1258 1232 1342 possit,
1259 1257 1402 1342 praeser-

259 1362 320 1427 tim
353 1364 381 1428 si
414 1385 526 1428 eorum
558 1361 657 1427 fueris
686 1385 821 1446 memor,
851 1385 933 1448 quae
961 1364 1003 1428 ab
1031 1364 1087 1428 illo
1116 1386 1248 1448 prorsus
1281 1365 1403 1430 omissa

258 1491 328 1534 esse
352 1467 455 1554 (velut
477 1467 604 1554 Vergili
627 1455 767 1556 vei-sus),
790 1471 825 1535 in
847 1471 910 1536 hoc
933 1474 1042 1536 autem
1066 1475 1191 1536 exstare
1214 1470 1402 1537 Rudorffius

257 1575 364 1640 refert.
403 1575 605 1660 Quamquam
630 1576 833 1648 dubitantem
856 1601 907 1643 me
929 1601 1055 1663 semper
1078 1579 1216 1663 quodam
1235 1581 1331 1645 modo
1354 1602 1401 1643 re·

256 1681 385 1747 tutabat
408 1682 568 1747 Rudorffii
598 1685 759 1750 sententia
781 1688 817 1749 ut
840 1688 928 1750 certa
954 1685 1097 1769 prolata:
1128 1686 1258 1751 fluxisse
1286 1708 1401 1770 nempe

258 1788 433 1854 editionem
462 1812 479 1854 e
505 1790 723 1856 Laudunensi.
743 1819 749 1830 ·
768 1790 813 1855 At
845 1793 985 1877 contigit
1016 1795 1053 1856 ut
1075 1791 1239 1858 Francisci
1271 1793 1418 1858 Rueblii'

258 1896 414 1961 beneficio
425 1893 449 1980 1)
487 1899 640 1963 notitiam
680 1899 800 1965 codicis
832 1899 1035 1986 Laudunensi
1072 1901 1172 1965 etiam
1209 1899 1402 1984 antiquioris

257 2025 360 2088 neque
388 2007 499 2068 tamen
522 2026 726 2090 equoquam
753 2005 918 2090 hucusque
942 2006 1045 2070 curati
1069 2007 1272 2090 adipiscerer.
1317 2005 1401 2068 Eum

257 2110 399 2176 breviter
422 2109 610 2175 describam.
968 2180 970 2192 ¹

309 2267 312 2280 .
347 2213 424 2283 Ood.
442 2215 681 2284 Harleianus
705 2219 792 2284 5792
817 2220 894 2284 olim
915 2219 1045 2285 Nicolai
1068 2221 1106 2286 de
1126 2220 1211 2287 (lusa
1234 2245 1275 2286 m.
1300 2223 1402 2304 quart.

259 2346 339 2390 saec.
353 2323 419 2390 VII
433 2321 484 2411 (ut
496 2322 649 2412 Ruehlio)
664 2327 715 2391 vel
730 2325 814 2410 VIII,
830 2323 880 2412 (ut
894 2324 1091 2393 Baehrensio
1106 2325 1246 2414 videtur)
1262 2328 1416 2412 scriptus!

257 2430 323 2495 276
342 2429 495 2496 foliorum
510 2435 569 2497 est.
601 2432 805 2499 Glossarium
824 2433 1081 2518 graecolatinum
1101 2456 1202 2520 usque
1222 2435 1262 2498 ad
1281 2433 1403 2498 fia39v

257 2539 407 2621 pertinet.
444 2538 489 2603 Et
508 2561 625 2624 graeca
643 2543 676 2603 et
698 2540 800 2605 latina
823 2540 943 2605 litteris
967 2540 1148 2606 uncialibus
1173 2540 1295 2624 scripta
1318 2543 1403 2604 sunt.

177 2685 182 2696 ·
258 2643 389 2728 Incipit:
422 2643 699 2712 εΑΒΑΚΧΟΥΤΟ(
728 2645 1045 2712 INBAUCHATUS
1098 2649 1203 2712 ΑΒΑΞ
1227 2645 1402 2723 Alendus

148 2819 150 2822 ,
260 2752 413 2817 nanee(
440 2749 720 2838 uouemere,
751 2753 884 2838 expuere
910 2753 932 2817 f.
951 2754 1049 2818 eaor:
1083 2753 1403 2820 ‘mxrenrneuoc

259 2853 515 2924 UALLATUS'.
553 2859 710 2924 Secuntur
733 2860 1004 2944 quemadmodum
1028 2861 1126 2924 etiam
1147 2860 1181 2924 in
1199 2860 1406 2925 Laudunensi·

258 2963 416 3030 idiomata
438 2986 606 3050 generum:
655 3019 659 3028 .

406 3087 427 3152 f.
447 3089 541 3154 240¹:
567 3089 818 3176 Suntquedam²)
907 3114 1033 3158 ειειτινα

291 3203 296 3212 ”
559 3199 755 3282 nominaque
905 3221 1141 3280 ονοματαατινα

562 3303 795 3390 latinequidem
908 3329 1114 3388 ρωμαιετιμεν

561 3411 858 3497 masculinogenere
904 3415 1146 3493 appeviswsev'u

482 3511 490 3526 ⁸
562 3517 740 3584 efferuntur
905 3541 1096 3601 εκφερονται

560 3629 783 3712 grecaeautem
854 3659 855 3664 κ
905 3629 1097 3705 ελληνιετιδε

560 3732 717 3798 feminino
905 3737 1031 3812 θηλυκω

560 3840 725 3905 hioabitus
908 3846 1080 3920 ηαπαλαγη

263 4007 265 4012 .
442 4023 444 4027 ,
561 3948 760 4012 hicaccessus
909 3954 1130 4029 qnpoceleucic

261 4050 281 4114 f.
306 4039 389 4116 243Ῐ
421 4052 522 4118 babes
555 4074 635 4136 quae
668 4055 770 4118 latine
803 4055 997 4141 masculina,
1029 4077 1144 4140 graece
1174 4060 1289 4120 neutra
1321 4060 1404 4140 sunt,

260 4213 474 4224 —--—-..-.-...

335 4299 364 4367 ι)’
374 4299 525 4356 Praeterea
538 4299 723 4356 Baehrensius
738 4308 771 4356 21
787 4301 894 4371 glossas
909 4293 945 4358 ab
960 4303 1041 4359 initio
1054 4304 1159 4374 primas
1173 4321 1266 4358 meum
1280 4303 1310 4358 in
1324 4323 1403 4359 usum

261 4386 416 4457 descripsit.

335 4475 355 4550 ²)
374 4475 488 4532 Litteris
507 4478 669 4534 minusculis
688 4483 758 4537 utar.
