3216 5126
657 333 959 414 --117--v

164 506 166 511 ’
210 515 317 556 rarum
341 488 479 576 ordine),
511 489 592 576 S(f.
615 493 659 556 45
687 497 762 575 post
789 494 901 557 sanclis
925 495 942 557 7
969 513 1054 556 asc·
1077 491 1296 578 incipientes),
1327 491 1354 556 T

209 598 243 685 (f.
262 601 325 665 dlv
348 603 423 684 post
447 601 552 664 tutellu
575 600 595 662 3
620 623 640 662 a
663 597 753 685 tuo),
781 601 884 663 multo
908 599 1016 682 plures
1040 599 1160 663 litteris
1182 597 1210 662 Ε
1235 594 1270 682 (f.
1290 599 1353 661 22γ

207 710 283 789 post
305 707 429 771 macine
452 707 509 789 36,
538 706 722 770 litterarum
745 707 854 770 ordine
877 728 944 769 non
970 706 1068 770 nimis
1095 706 1240 769 turbato:
1270 707 1352 768 edre

208 813 279 877 meli
301 814 406 894 edepol
429 861 436 875 .
456 863 462 875 .
482 863 489 876 .
512 814 663 895 extispictc'
673 811 711 898 1),
738 813 765 876 F
789 809 878 896 (post
898 813 1001 892 sutilis
1025 813 1080 894 59,
1112 834 1249 896 quarum
1273 811 1351 875 ordo

208 919 314 983 minus
338 919 435 984 ctiam
459 923 627 986 accuratus
651 924 712 984 est:
734 922 788 1000 for
803 969 809 982 .
825 969 832 984 .
848 969 854 983 .
866 919 1060 1004 fulgoratus),
1084 918 1111 982 G
1135 915 1224 1002 (post
1242 939 1353 1001 parpes

207 1025 305 1090 tssssv
328 1027 385 1089 41:
405 1048 485 1108 ponc
504 1026 685 1114 ...qrccit),
708 1027 724 1090 Ι
748 1023 838 1112 (post
860 1028 946 1090 iuuat
963 1027 984 1091 f.
1000 1027 1059 1090 29τ
1082 1028 1125 1090 80
1148 1026 1189 1090 ab
1212 1027 1260 1089 c'n-
1285 1049 1352 1089 ma-

207 1133 326 1196 ximam
350 1136 475 1215 partem
499 1134 701 1217 incipientes:
725 1135 843 1216 iaspide
862 1131 1132 1219 ...conceperat
1167 1131 1256 1196 Haeo
1278 1136 1353 1216 post

207 1240 303 1303 finem
327 1238 529 1323 singularum
554 1240 736 1303 litterarum
756 1239 865 1304 addita
888 1239 1001 1302 habes:
1025 1261 1130 1322 pauca
1152 1261 1218 1303 non
1240 1240 1352 1322 procul

208 1346 302 1408 afine
322 1346 407 1408 inter
424 1345 512 1427 ipsas
532 1345 691 1428 epitomae
711 1346 838 1429 glossas
857 1347 1056 1430 inseruntur,
1075 1347 1159 1410 sicut
1172 1345 1193 1410 f.
1210 1347 1249 1410 8v
1268 1347 1352 1408 inter

207 1452 354 1516 crcitcncs
373 1453 405 1514 et
427 1453 614 1516 arbitrosum
642 1456 796 1536 quattuor
820 1454 860 1518 ab
884 1455 935 1518 ab·
959 1453 1099 1538 (abactas
1122 1503 1129 1516 .
1149 1503 1155 1516 .
1176 1503 1183 1516 .
1206 1450 1352 1536 clipeus),

206 1559 292 1623 inter
314 1559 501 1623 arbitrorum
524 1561 557 1622 et
579 1560 710 1642 ascarici
732 1562 799 1623 tres
823 1560 863 1624 ab
882 1561 960 1644 aot,
984 1561 1080 1625 nic:
1102 1560 1189 1624 inter
1211 1579 1352 1623 meruero

208 1669 240 1730 et
254 1667 356 1730 cubita
369 1665 535 1729 duodecim
555 1662 691 1749 (catinus
706 1715 734 1729 ..
751 1716 757 1729 .
772 1688 890 1751 census,
909 1668 1017 1732 decem
1033 1691 1052 1732 a
1066 1689 1122 1745 co,
1146 1666 1227 1729 duae
1248 1689 1267 1729 a
1285 1663 1351 1749 cc),

207 1773 343 1856 denique
366 1771 450 1836 inter
472 1771 584 1836 solima
613 1774 645 1834 et
674 1774 794 1854 sonipes
821 1773 939 1837 iterum
968 1772 1136 1838 duodecim
1160 1796 1179 1836 a
1201 1793 1250 1837 sc·
1273 1771 1350 1836 inci·

206 1878 330 1961 pientes
346 1877 470 1962 (sartor,
483 1878 626 1942 sabulum
641 1927 647 1940 .
663 1928 669 1941 .
686 1877 804 1965 .saco).
836 1877 1010 1964 Superesse
1024 1879 1114 1943 vides
1130 1879 1193 1943 268
1213 1879 1350 1963 glossas.

206 1986 276 2063 Quo
295 1989 402 2049 autem
421 1983 548 2074 facilius
569 1983 704 2048 aliorum
723 1985 863 2048 fontium
883 1985 1080 2068 comparatio
1100 1985 1227 2048 institui
1245 1986 1351 2069 possit

156 2149 157 2153 ,
208 2130 245 2138 -
267 2091 370 2176 neque
390 2091 476 2154 enim
495 2089 607 2154 dubito
632 2091 709 2174 quin
728 2091 880 2174 glossarii
903 2091 1021 2175 integri
1045 2092 1200 2155 memoria
1222 2091 1349 2174 uspiam

205 2200 373 2263 delitescat
397 2236 452 2282 —7
472 2219 493 2280 9
516 2197 660 2261 litteram
685 2197 929 2261 exscribendam
952 2198 1042 2262 duco,
1099 2186 1104 2206 ³

205 2343 308 2409 gaue:
333 2323 465 2387 diuitiae
489 2341 601 2405 regum
843 2323 994 2406 gemina:
1018 2326 1235 2405 perstromata

204 2433 430 2516 garamantes:
455 2449 535 2512 gens
558 2451 744 2492 maurorum
843 2429 1043 2512 genearcha:
1064 2429 1171 2512 gentis
1195 2429 1345 2513 princeps

204 2538 415 2622 gauligcnus:
438 2535 530 2598 navis
789 2548 823 2594 20
843 2535 1008 2618 genessis:
1035 2536 1241 2600 constellatio

203 2645 352 2729 galeros:
377 2643 581 2706 calamaucos
842 2645 973 2725 genesta
997 2642 1026 2732 is
1051 2642 1147 2706 arbor

168 2763 184 2810 5
204 2751 322 2834 glabo:
346 2749 499 2831 rusticus,
523 2751 632 2812 arator
841 2765 994 2830 germen:
1018 2748 1200 2832 herbaque
1224 2747 1387 2830 germinat

203 2874 364 2941 ganarus:
389 2856 529 2918 insulsus
548 2854 601 2918 uel
619 2853 760 2917 fluminis
841 2872 1022 2937 genomon:
1045 2855 1135 2937 limip
1158 2855 1335 2918 artificium:
1352 2855 1400 2916 fa-

202 2965 343 3047 glanga:
367 2963 498 3026 flamma
522 2962 541 3024 a
563 2963 663 3024 rubea
884 2961 961 3025 broi
990 2977 991 2982 ’

202 3070 324 3155 gallina
346 3051 486 3132 rustica:
510 3067 623 3151 perdix
840 3072 1010 3151 gereatus:
1035 3068 1155 3152 gradus

202 3177 337 3260 glauca:
362 3175 452 3257 alba,
475 3174 576 3238 viride
786 3187 820 3234 25
840 3175 1020 3258 gemnassi:
1039 3175 1193 3238 bassilica
1208 3175 1276 3239 siue
1291 3174 1398 3238 deam-

151 3294 183 3342 10
203 3283 354 3367 glaucos:
379 3281 471 3345 diuos
495 3281 639 3345 marinus
883 3281 1082 3346 bulatorium

202 3388 390 3474 gargarico:
415 3388 530 3452 conluo
838 3389 954 3472 gemo:
978 3387 1147 3452 nocatorid

202 3495 333 3579 gentilis
358 3495 489 3578 dicitur,
513 3495 568 3577 qui
587 3494 696 3558 omnia
714 3496 758 3558 fe·
838 3495 973 3579 genica:
998 3495 1197 3581 generalium
1220 3495 1324 3565 multa

245 3603 289 3665 cit
838 3605 1047 3690 genatorem:
1072 3601 1262 3685 prudentem

200 3707 373 3792 genussia:
399 3712 530 3772 senatus
681 3726 687 3739 ‘
838 3710 995 3792 genatus:
1018 3708 1106 3771 filius

200 3831 295 3899 gese:
320 3815 450 3878 aculeus
784 3829 818 3876 30
838 3817 975 3898 genata:
999 3814 1067 3876 filia

148 3933 180 3980 15
200 3921 292 4005 gela:
317 3920 436 3984 flumen
837 3924 1025 4005 gestamen:
1050 3920 1229 3984 consolatio

199 4026 364 4110 genessis:
388 4027 492 4090 fatum
837 4024 1024 4111 gerslien²):
1048 4048 1159 4090 semen
1176 4027 1323 4092 holerum
1342 4028 1394 4092 uel

199 4133 380 4217 gellonem:
404 4134 572 4199 baucalem
880 4134 1055 4199 herbarum

272 4362 291 4429 ¹)
310 4361 405 4416 Scribe
424 4364 557 4430 eatlcpica'.

254 4451 290 4524 '²)
309 4453 397 4509 Erasa
415 4455 458 4512 cst
475 4470 531 4510 una
548 4453 658 4512 lineola.
