3192 5126
619 305 904 369 ‘-373-

258 465 401 528 antlia:
426 469 495 528 rota
517 464 728 528 alacritatis
756 461 838 548 (cod.
862 463 1111 547 Amplonianus²
1135 488 1165 548 p.
1189 467 1263 548 270,
1278 467 1358 530 277:

372 570 494 635 anthlia
517 572 719 656 oaaarltcria3
749 570 878 654 glossae
902 569 1043 634 ‘isidori'
1066 594 1096 654 p.
1121 573 1195 655 668,
1213 574 1266 654 113
1291 573 1358 636 cod.

373 676 539 741 Leidensis
563 677 639 742 tta
663 677 685 742 f.
705 678 788 741 dvb:
812 675 1021 764 assuritana)

257 784 399 848 antlia:
423 790 491 848 rota
513 784 689 848 hauritorio
712 781 794 868 (cod.
818 781 996 848 Vossianus
1019 784 1086 850 Fol.
1106 785 1163 848 24:
1193 786 1310 849 callias
1332 808 1358 848 r.

372 891 539 974 elratoria
577 890 644 954 cod.
672 888 923 973 Amplonianus1
955 913 986 973 p.
1008 890 1083 969 258,
1097 892 1158 957 43:
1189 893 1292 955 cattio
1321 897 1358 956 ut

372 996 511 1075 videtur,
533 995 702 1082 cartura)

696 1122 869 1188 Minaei]

301 1229 445 1293 Lucretii
459 1227 516 1313 VI,
530 1229 595 1294 563
619 1229 694 1294 libri
717 1229 870 1293 exhibent
888 1230 1041 1293 inclinato
1058 1231 1211 1314 micent,
1235 1253 1298 1314 quo
1319 1253 1356 1294 ex

210 1337 282 1400 loco
309 1335 344 1399 in
371 1335 474 1399 lexiea
496 1339 687 1418 receperunt
710 1336 844 1399 verbum
868 1333 1028 1418 ‘simplex’
1053 1337 1137 1419 quod
1161 1340 1211 1401 est
1234 1338 1357 1401 miseere.

210 1443 436 1507 Lachmannus
473 1444 588 1506 contra
619 1442 844 1506 commentarii
875 1464 905 1525 p.
933 1443 998 1506 379
1009 1465 1055 1527 sq.
1086 1465 1152 1508 non
1189 1443 1357 1527 antiquam

211 1572 280 1613 esse
307 1549 391 1612 hano
423 1548 576 1631 formam,
609 1547 665 1611 sed
693 1549 895 1631 corruptelae
924 1548 1033 1613 deberi
1065 1554 1172 1633 ratus,
1204 1552 1356 1629 ‘iacllaata

211 1662 315 1720 meam
337 1652 562 1738 corrigendum
585 1654 769 1736 proposuit,
793 1674 865 1716 eum
890 1653 946 1717 alii
969 1655 1121 1720 inclinata
1143 1657 1256 1721 oleant
1278 1657 1355 1721 seri-

211 1761 331 1825 berent.
368 1757 467 1825 Cuius
491 1759 618 1844 quidem
641 1759 707 1824 loci
730 1760 890 1843 scriptura
908 1764 982 1825 utut
1002 1785 1035 1826 se
1058 1762 1170 1846 habet,
1195 1766 1356 1830 exstiterit

199 1869 266 1968 Jqui
289 1869 404 1932 rainere
430 1867 565 1932 verbum
592 1889 627 1930 re
654 1889 731 1930 vera
759 1866 793 1929 in
816 1889 876 1930 usu
907 1868 1007 1932 fuisse
1032 1869 1205 1934 contendat
1227 1871 1354 1935 collatis
1432 1887 1439 1901 ¹

211 1975 341 2048 inediti-s
365 1975 483 2058 glossis
506 1975 609 2038 hisce:

466 2082 598 2145 minet:
622 2082 748 2158 eminet
772 2080 871 2145 altam
893 2082 1049 2163 sepelliant
1057 2080 1082 2167 l)

466 2189 665 2252 mittentes:
689 2187 739 2252 aa
762 2186 980 2274 ‘aminadab

210 2319 288 2380 quas
313 2318 330 2359 e
353 2294 461 2359 codice
485 2294 634 2359 Leidensi
654 2293 729 2358 till]
753 2294 775 2359 f.
789 2295 875 2360 lora
898 2295 1076 2360 hausimus.
1108 2296 1154 2360 At
1177 2298 1353 2362 cavendum

210 2407 259 2466 est
282 2425 322 2466 ne
349 2402 424 2466 huic
447 2401 623 2466 memoriae
651 2401 747 2465 fidem
774 2401 951 2466 habeamus
975 2403 1132 2487 neglectis
1155 2404 1354 2488 reliquorum

208 2509 349 2574 fontium
373 2508 502 2594 glossis.
534 2508 682 2593 Namque
701 2509 818 2573 dubiae
836 2532 903 2574 non
922 2512 999 2574 sunt
1021 2509 1060 2573 ad
1079 2511 1197 2574 minori
1220 2512 1354 2575 verbum

209 2619 391 2698 spectantes
414 2615 489 2678 hae:
957 2602 966 2618 ’

252 2724 466 2786 minantur:
489 2718 653 2806 calaad)
686 2718 767 2806 (cod.
788 2722 968 2787 Vossianus
991 2723 1060 2787 Fol.
1086 2724 1128 2788 82
1157 2726 1190 2786 et
1218 2724 1353 2808 glossar.

370 2825 569 2912 Salomonis)

252 2936 422 2998 minuas:
455 2931 626 3019 emlaw)
660 2933 742 3018 (Mai
768 2933 815 2999 VI
842 2957 872 3017 p.
898 2933 990 2997 5331>
1021 2936 1054 2996 et
1081 2935 1148 2999 cod.
1172 2935 1352 3000 Vossianus

207 3039 522 3126 F01.82)1ndagari
548 3040 602 3104 vix
630 3043 784 3123 poterunt
812 3041 939 3125 glossae
968 3044 1000 3105 et
1027 3063 1046 3103 a
1068 3040 1231 3106 lemmatis
1255 3047 1287 3106 et
1311 3044 1352 3107 ab

208 3145 506 3231 interpretamentis
526 3145 708 3211 similiores.
743 3145 813 3211 Iam
833 3169 904 3210 curn
924 3147 1058 3213 alteram
1081 3149 1174 3213 illam
1198 3170 1279 3233 quae
1303 3154 1352 3214 est

207 3257 373 3321 calceatae:
402 3253 452 3317 blo
479 3251 663 3318 ‘calcantes'
694 3253 793 3318 codex
823 3255 909 3319 inter
931 3256 989 3319 ml·
1013 3257 1059 3319 sio
1088 3257 1242 3339 scriptam
1266 3256 1352 3320 exhi-

207 3365 294 3428 beat:
322 3365 498 3427 maaeates:
521 3359 550 3422 la.
573 3381 610 3444 a,
638 3383 703 3425 non
726 3361 839 3426 dubito
864 3361 941 3446 quin
968 3368 1125 3428 monentes
1152 3363 1231 3427 olim
1253 3362 1351 3426 fuerit

206 3474 376 3552 miraculos,
394 3467 457 3532 hoc
476 3471 526 3531 est
543 3469 704 3533 minantes.
736 3467 872 3532 Accedit
885 3468 971 3551 quod
985 3470 1239 3554 glossographus
1254 3469 1350 3533 inter-

206 3580 352 3659 pretatur
380 3574 438 3637 tte
463 3572 658 3657 ‘eminentes’‚
687 3595 759 3638 cum
787 3575 976 3658 plerumque
1006 3576 1160 3640 miracala
1190 3576 1352 3660 significet

206 3685 392 3747 minitantes.
426 3679 542 3744 Restat
561 3679 665 3743 altera
682 3680 754 3744 illa:
778 3681 892 3744 minet:
917 3682 1043 3757 erutuet·
1066 3682 1165 3745 altam
1187 3684 1350 3766 siginificat,

281 3893 300 3960 ¹)
318 3891 452 3960 slpalsloet
470 3890 529 3944 eod.
549 3889 670 3943 exhibet.

279 3982 300 4051 ²)
319 3984 456 4034 manentes
474 3994 540 4032 sane
560 3979 633 4048 cod,
653 3979 702 4032 sed
720 3978 795 4033 inter
812 3980 919 4048 glossas
937 3996 954 4033 a
972 3981 1020 4034 rai·
1039 3979 1213 4049 incipientes.

279 4071 300 4140 ³)
320 4069 435 4138 Spectat
454 4068 491 4122 ad
504 4068 644 4123 Aeneidos
657 4086 767 4123 versum
783 4069 803 4138 Ι,
816 4075 878 4124 162:
897 4071 962 4123 biae
980 4075 1060 4138 atque
1077 4069 1141 4122 biae
1158 4074 1251 4124 costae
1269 4087 1351 4138 rupes

204 4161 358 4233 geminique
381 4159 555 4212 minuatur
576 4161 579 4225 l
599 4160 631 4212 la
656 4159 759 4213 caelum
782 4160 900 4228 scopuli,
928 4158 1083 4226 eodemque
1106 4157 1171 4212 libri
1193 4159 1349 4226 glossarum

206 4253 402 4306 reticeatur:
421 4265 495 4302 narro
515 4248 654 4317 ‘emineat
674 4250 778 4303 eacclso
795 4248 880 4302 saat’.

277 4340 298 4408 ⁴)
318 4337 417 4392 Glossa
439 4338 507 4393 item
528 4337 701 4407 Vergiliana:
732 4337 897 4410 ‘uredineque
919 4338 1053 4392 minoas
1077 4335 1183 4412 [fatalis
1206 4335 1347 4416 machina]

206 4429 333 4485 illabitur
350 4427 425 4484 arbi’
446 4427 561 4482 Aeneid.
579 4427 688 4496 11,240.
727 4467 732 4476 .

1573 3805 1578 3850 .

1531 4201 1537 4210 ·
