3222 5122
704 293 947 358 „300-

252 455 391 537 9altueo,
411 455 574 537 avellanae:
605 458 729 519 certum
752 454 834 519 nihil
854 456 922 538 cst,
945 453 973 517 si
996 452 1074 537 quid
1099 451 1207 536 video,
1228 451 1292 517 nisi
1315 452 1401 536 quod

255 561 328 626 loco
358 561 417 626 illo
447 564 629 625 saturarum
661 559 828 644 deperdito
856 561 926 623 iam
959 559 1157 623 scholiastae
1185 562 1308 623 veteres
1338 558 1401 622 dis-

256 671 423 750 crepantes
455 667 631 750 scripturas
660 667 798 731 traditas
826 668 1052 751 reppererunt,
1085 666 1132 730 ita
1159 667 1270 729 tamen
1299 668 1336 729 ut
1363 665 1402 728 de

256 760 492 858 significatione
511 773 662 838 vocabuli
681 773 823 837 dubitari
840 795 906 837 non
924 775 1044 856 posset.
1069 771 1141 837 Iam
1160 771 1285 836 accedit
1302 772 1402 836 tertia

254 861 412 945 memoria
449 902 550 966 eaque
587 879 732 944 omnium
764 879 905 963 optima,
940 878 1066 943 Placidi
1099 878 1257 963 quaedam
1290 879 1402 962 glossa

255 1010 274 1051 a
296 986 410 1052 Fulvio
433 986 553 1052 Ursino
582 986 649 1050 iam
675 985 823 1050 adhibita
847 989 879 1049 et
903 986 944 1049 ab
969 984 1005 1050 Ο.
1024 984 1182 1050 Muellero
1206 986 1245 1050 ad
1269 984 1401 1049 Festum

253 1095 388 1178 iterata,
419 1093 522 1158 nihilo
555 1097 666 1157 tamen
699 1092 799 1156 setius
833 1114 852 1155 a
879 1090 1024 1157 Luciano
1053 1091 1210 1162 Muellero
1242 1091 1402 1176 neglecta,

256 1223 337 1286 quae
362 1203 408 1266 sic
432 1198 582 1288 currit¹);

321 1303 562 1394 gallicola⁹):
596 1307 715 1371 cortice
744 1307 835 1371 nucis
863 1305 1027 1392 iuglandis
1057 1307 1185 1390 viridis,
1216 1329 1275 1391 pcr
1305 1329 1401 1391 quem

415 1436 531 1498 corpus
554 1414 732 1479 humanum
755 1413 903 1498 intellegi
926 1413 997 1478 vult

255 1521 354 1587 Cuius
383 1521 513 1607 glossae
541 1520 662 1584 lemma
690 1524 722 1583 et
751 1520 1076 1604 interpretamentum
1105 1520 1132 1584 si
1160 1521 1302 1585 cumeis
1326 1542 1400 1585 con·

254 1629 383 1712 tuleris,
419 1648 500 1711 quae
534 1625 761 1692 e.Philoxen0
795 1633 827 1690 et
859 1626 955 1692 Festo
989 1628 1085 1692 modo
1119 1627 1277 1711 dedimus,
1313 1627 1400 1692 haud

255 1737 444 1800 cunctanter
469 1733 565 1797 nobis
592 1733 744 1797 concedes
769 1732 894 1797 Placidi
918 1755 1046 1819 quoque
1069 1733 1177 1797 locum
1194 1733 1298 1798 Lucili
1317 1735 1400 1799 illud

254 1842 448 1908 vocabulum
476 1839 636 1904 exhibere.
677 1838 747 1903 Iam
774 1839 838 1902 tria
865 1839 899 1902 ni
928 1838 1027 1904 fallor
1054 1838 1130 1903 hinc
1146 1825 1226 1923 'peti
1254 1844 1401 1923 possunt.

254 1948 303 2013 Ac
334 1948 475 2035 primum
508 1945 635 2030 quidem
668 1944 762 2028 illud,
795 1945 880 2029 quod
913 1945 951 2009 de
983 1945 1090 2010 forma
1122 1945 1210 2010 vocis
1243 1947 1400 2012 obscurae

255 2059 343 2121 certa
361 2053 473 2140 procul
493 2051 590 2117 dubio
611 2054 772 2117 sententia
790 2056 921 2138 praesto
937 2056 995 2117 est.
1032 2053 1204 2117 Dubitanti
1219 2054 1304 2118 enim
1319 2053 1400 2117 mihi

254 2163 292 2227 de
316 2186 350 2226 re
368 2184 435 2227 non
453 2159 660 2224 mediocriter
679 2159 803 2224 difficili
816 2160 998 2224 Fridericus
1014 2159 1213 2224 Ritschelius
1233 2161 1401 2264 succurrit,
1431 2164 1434 2170 '
1533 2146 1536 2152 ¹

255 2271 310 2355 qui
333 2269 472 2334 cellicolo
496 2266 563 2330 sive
589 2264 765 2352 pollicem)
793 2266 960 2352 ingeniose
988 2269 1154 2352 perspexit
1175 2268 1289 2332 collam
1311 2268 1400 2334 vocis

163 2453 167 2460 Ι
255 2375 483 2441 diminutivum
498 2397 581 2440 esse:
607 2374 723 2438 dicitur
740 2395 854 2457 nempe
869 2375 1030 2460 foliorum,
1054 2376 1237 2460 fungorum,
1257 2398 1401 2460 uvarum,
1480 2409 1487 2415 ·

254 2483 413 2567 pirorum,
443 2479 603 2548 malorum
632 2481 783 2545 callum.
828 2481 1000 2546 Praeterea
1023 2484 1132 2545 autem
1156 2505 1172 2546 e
1196 2482 1320 2546 Placidi
1343 2482 1402 2548 illa

255 2591 363 2674 glossa
395 2582 562 2673 discimus,
599 2577 730 2673 quinam
768 2610 859 2652 casus
900 2588 1050 2653 vocabuli
1087 2589 1304 2654 restituendus
1342 2591 1400 2653 sit:

254 2697 398 2761 colliculo
429 2696 572 2761 ablativo
602 2694 760 2760 Lucilium
795 2717 888 2758 usum
919 2717 988 2760 esse
1029 2678 1174 2760 ‘cortice'
1209 2694 1402 2780 interpreta-

255 2805 399 2867 mentum
429 2803 531 2868 docet.
576 2801 705 2866 Novum
737 2801 839 2885 igitur
867 2803 1048 2886 exemplum
1077 2800 1178 2865 habes
1207 2801 1274 2866 eius
1303 2803 1401 2867 ratio-

253 2909 318 3000 nis,
349 2931 445 2993 quam
476 2909 510 2973 iu
538 2907 650 2973 Museo
679 2907 835 2974 Rhenano
859 2908 880 2973 l.
904 2932 928 2972 s.
953 2931 976 2972 s.
1003 2930 1033 2991 p.
1055 2909 1096 2972 70
1107 2929 1176 2992 sqq.
1209 2909 1400 2992 explicatius

255 3017 470 3100 exposuimus.
515 3015 662 3098 Denique
688 3051 726 3059 -
752 3015 783 3078 id
807 3014 893 3098 quod
922 3015 1065 3079 omnium
1096 3014 1324 3098 gravissimum
1352 3019 1402 3081 cst

255 3161 297 3170 -
322 3123 517 3187 sententiam
539 3121 603 3186 loci
628 3121 788 3186 Luciliani
811 3122 960 3188 Placidus
987 3123 1067 3188 facit
1093 3126 1129 3187 ut
1160 3143 1401 3207 cognoscamus.

330 3351 349 3419 ¹)
374 3351 414 3405 cf.
438 3350 496 3404 Mai
514 3352 553 3404 Ill
575 3370 603 3420 p.
623 3358 688 3418 467;
721 3352 759 3405 Vl
778 3371 805 3421 p.
826 3353 914 3418 562b3
947 3353 1063 3422 glossar.
1089 3351 1245 3406 Salomonis
1269 3351 1287 3406 f.
1311 3358 1400 3419 84'a3

256 3440 372 3510 glossar.
391 3442 456 3509 post
470 3439 626 3495 Salomonis
645 3441 752 3510 glossas
771 3441 912 3496 adiectum
925 3443 944 3496 f.
956 3449 1062 3509 263Va3
1082 3441 1142 3497 cod.
1157 3439 1321 3494 Leidensem
1337 3441 1400 3494 67D

146 3556 149 3562 ·
255 3530 273 3585 f.
292 3535 375 3598 2510,
393 3528 531 3598 imprimis
550 3527 645 3584 autem
664 3530 875 3600 Deuerlingium
892 3550 919 3601 p.
939 3537 1040 3601 49,14.

329 3618 350 3688 2)
369 3619 501 3688 pelliculo
519 3617 727 3688 Dcuerlingius:
756 3637 809 3690 ego
833 3622 909 3674 certa
932 3620 966 3674 de
990 3619 1097 3674 ratione
1120 3619 1249 3687 pallicola
1272 3617 1400 3687 praetuli.

257 3707 380 3777 Utraque
400 3707 476 3763 enim
495 3707 633 3778 scriptura
650 3708 680 3762 in
701 3708 780 3763 libris
798 3709 907 3764 Placidi
927 3711 1027 3764 exstat.

330 3797 349 3864 ³)
368 3797 488 3852 Videtur
506 3797 581 3851 onim
599 3799 729 3866 pulticula
746 3799 837 3852 forma
851 3798 964 3853 defendi
982 3815 1077 3868 posse,
1097 3799 1129 3853 ut
1143 3815 1157 3852 e
1172 3797 1297 3874 cellicolis
1316 3797 1401 3850 emol-
1447 3846 1450 3850 .

255 3886 315 3941 lita.
354 3884 484 3940 Ceterum
502 3885 568 3939 hinc
587 3886 710 3940 alienum
730 3887 896 3941 vocabulum
916 3888 1066 3953 ὁμώνυμον
1084 3887 1225 3956 pelliculo,
1244 3887 1299 3954 quo
1318 3885 1401 3954 sigui·

255 3975 354 4029 ficatur
367 3973 545 4029 calciamenti
559 3991 647 4044 genus
661 3974 869 4043 (diminutivum
883 3976 960 4031 vocis
976 3993 1048 4050 quae
1066 3977 1109 4030 est
1120 3975 1235 4045 gallica:
1256 3975 1289 4028 cf.
1299 3976 1401 4045 palli·

256 4065 350 4118 calae
373 4065 551 4118 calciamento
573 4069 638 4116 scat
656 4069 815 4132 pasturam,
838 4081 910 4133 quae
934 4065 1028 4134 glossa
1053 4082 1067 4118 e
1088 4063 1243 4118 Salomonis
1266 4062 1401 4134 glossario

188 4159 190 4165 '
256 4152 316 4207 erui
333 4153 433 4222 potest,
453 4153 482 4205 ct
495 4151 661 4220 gallicas:
680 4153 825 4208 sandalias
837 4171 932 4223 praece
946 4155 1006 4208 cod.
1016 4152 1234 4223 Amplonianus²
1248 4171 1276 4222 p.
1290 4160 1351 4221 335,
1363 4157 1401 4221 7);

256 4243 351 4312 potest
368 4257 434 4296 sane
459 4241 525 4295 hinc
548 4259 605 4295 non
627 4241 748 4296 alienum
768 4260 827 4298 csse
845 4244 978 4313 pelliculo
998 4269 1031 4288 =
1052 4241 1176 4313 ‘siguum
1194 4241 1302 4312 vestis',
1327 4242 1403 4311 quod

256 4331 286 4384 in
307 4330 390 4385 ‘libro
408 4331 577 4401 glossarum’
593 4324 740 4386 ‘servatum
759 4333 814 4386 est:
834 4331 867 4386 cf.
883 4333 961 4388 velut
974 4332 1032 4386 Mai
1046 4331 1097 4385 Vll
1116 4351 1143 4401 p.
1155 4331 1230 4386 caah
1250 4331 1278 4384 et
1297 4331 1401 4401 glossa·

255 4417 329 4474 rium
348 4417 513 4474 Salomonis.
