3222 5122
715 315 870 378 -304
918 351 956 360 -

268 474 414 557 sperabo.
460 473 607 556 Quinque
637 473 755 557 glossis
787 473 987 557 bilinguibus
1017 473 1191 536 martaniam
1219 473 1412 537 vocabulum

268 582 432 644 servatum
455 603 525 644 0000
548 580 651 645 vides:
679 581 714 643 in
742 603 828 644 mere
859 580 968 644 latinis
996 579 1117 643 nostris
1143 578 1235 643 nulla
1258 583 1308 644 est
1330 602 1412 665 quac

267 687 376 770 aliquo
404 687 501 751 modo
529 687 592 752 huc
622 687 785 770 pertineat
811 667 941 771 praeter
969 709 1069 750 unam
1096 685 1216 751 codicis
1245 684 1411 776 Leidensis

270 790 347 855 1913
369 797 486 857 mato:
504 794 648 875 priapus.

354 897 411 964 IV.
436 899 633 964 Philoxenus
656 921 687 983 p.
708 900 758 982 1·1‚
776 900 816 962 16
840 897 957 984 (neque
982 899 1076 963 aliter
1099 896 1229 986 codex):
1251 904 1411 967 ecoctam:

205 991 208 1000 ¹
267 1003 403 1084 ἄκανθα,
427 1005 471 1068 ὼ(
486 1005 669 1069 Λουκιανόε.
700 1004 765 1069 Pro
784 1005 1009 1070 ΛΟΥΚΙΑΝΟ(
1028 1003 1207 1068 Vulcanius
1231 1001 1310 1089 (nisi
1328 1005 1413 1068 forte

267 1107 425 1196 Scaliger)
450 1110 625 1176 ‘notarum'
644 1135 674 1195 p.
695 1113 724 1194 7,
738 1112 781 1175 22
806 1111 936 1195 scripsit
954 1112 1201 1190 ΛΟΥΚΙΛΛΙΟΕ,
1224 1111 1308 1174 unde
1328 1111 1412 1194 apud

266 1218 301 1282 L.
316 1219 508 1283 Muellerum
530 1219 631 1283 habes
656 1241 694 1282 ex
717 1219 850 1282 incertis
873 1217 969 1302 frgm.
987 1216 1131 1282 LXXXI.
1170 1216 1304 1281 Lemma
1326 1217 1412 1301 glos·

267 1347 323 1389 sae
346 1325 525 1390 Vulcanius
550 1330 583 1390 et
606 1324 804 1408 Salmasius,
829 1347 910 1409 quos
940 1325 1085 1408 sequitur
1108 1322 1144 1386 L.
1163 1322 1353 1407 Muellerus,
1379 1323 1413 1388 in

266 1436 383 1494 coctam
402 1434 583 1514 mutarunt,
607 1431 757 1497 Osannus
775 1432 811 1496 in
829 1436 974 1495 necatam
993 1430 1060 1494 sive
1078 1434 1209 1494 00001110
1228 1431 1296 1495 sive
1318 1451 1412 1494 0000-

267 1539 358 1615 tiara,
388 1559 525 1621 quarum
553 1536 810 1601 coniecturarum
837 1536 897 1602 has
919 1536 1009 1600 nullo
1032 1535 1129 1599 modo
1152 1536 1271 1618 probo,
1294 1536 1333 1599 de
1356 1535 1415 1599 illa

268 1644 391 1709 dubito.

241 1906 242 1912 κ
356 1859 446 1923 11000
478 1856 663 1943 quattuor¹)
697 1859 856 1942 exempla,
889 1857 1050 1942 imprimis
1079 1860 1187 1937 autern
1218 1857 1328 1941 priora
1354 1857 1414 1921 illa

266 1965 329 2029 duo
352 1965 448 2049 plane
468 1964 584 2029 docent
601 1986 668 2028 non
691 1964 772 2028 illud
796 1965 901 2028 solum
925 1963 1087 2029 Lucilium
1110 1965 1145 2029 in
1169 1964 1337 2049 glossariis
1356 1985 1412 2028 no·

267 2071 415 2136 minatim
444 2070 591 2152 excitari,
624 2070 680 2134 sed
708 2072 807 2135 etiam
837 2071 883 2156 (id
914 2071 999 2156 quod
1028 2070 1189 2156 gravioris
1216 2092 1318 2153 paene
1346 2091 1412 2134 mo·

265 2178 369 2242 menti
401 2174 465 2262 est)
500 2176 628 2260 glossas
662 2175 846 2240 Lucilianae
883 2177 953 2241 sine
991 2176 1093 2241 fontis
1126 2176 1192 2240 ullo
1230 2176 1333 2241 indice
1364 2176 1412 2240 ibi

265 2284 368 2348 latere
392 2283 605 2368 (0100011010
629 2281 853 2368 0190111010).
897 2283 987 2347 Idem
1010 2304 1095 2347 nunc
1118 2282 1412 2348 demonstrabimus

234 2375 236 2378 ⁵
267 2391 423 2456 adhibitis
445 2390 567 2455 talibus
591 2391 709 2476 glossis
732 2413 828 2475 quae,
858 2391 1005 2475 quamvis
1030 2392 1137 2474 ipsum
1159 2390 1265 2455 Lucili
1293 2411 1413 2470 nomen

267 2498 412 2563 additum
435 2520 501 2562 non
524 2497 681 2580 habeant,
709 2498 850 2561 maxima
880 2500 991 2562 tamen
1015 2520 1087 2562 cum
1116 2496 1349 2581 probabilitate
1373 2496 1413 2560 ad

177 2643 185 2650 -
266 2607 373 2669 certos
397 2608 580 2668 saturarum
603 2624 716 2668 versus
740 2603 854 2668 referri
877 2605 1015 2688 possint.

354 2710 379 2774 1.
416 2708 512 2775 Certo
542 2709 661 2774 scimus
694 2710 882 2775 testimonio
911 2711 1070 2776 Lucilium
1102 2709 1221 2774 curasse
1255 2707 1411 2772 vocabulo

266 2839 360 2881 usum
393 2838 478 2901 esse,
510 2816 594 2900 quod
626 2818 736 2880 utruni
765 2817 804 2880 ad
832 2817 938 2880 virum
966 2838 1007 2881 an
1035 2815 1075 2880 ad
1107 2815 1262 2879 feminam
1290 2817 1414 2898 spectet

265 2946 332 2988 non
356 2924 435 2988 satis
460 2927 598 3008 apparet
621 2945 659 2988 ex
683 2923 775 2987 Pauli
798 2924 941 3006 epitoma
959 2947 989 3006 p.
1007 2925 1060 3008 44,
1075 2923 1111 2987 3:
1135 2922 1303 2988 ‘carissam
1327 2922 1413 3006 apud

266 3031 426 3096 Lucilium
461 3031 589 3115 [fragm.
623 3053 661 3095 ex
693 3031 824 3096 incertis
858 3031 952 3095 libris
980 3030 1055 3096 LlX
1086 3055 1116 3115 p.
1143 3032 1218 3111 144]
1252 3025 1412 3113 vafrum²)

267 3136 451 3222 significat'.
481 3137 567 3203 Nam
580 3136 708 3218 aetram
728 3138 826 3202 codex
841 3137 1045 3203 Monacensis
1065 3142 1101 3202 ut
1120 3138 1259 3231 videtur,
1281 3136 1413 3230 nosram
1450 3151 1453 3158 ’

264 3245 395 3330 reliqui,
423 3245 522 3310 etiarn
545 3243 712 3309 Leidensis
739 3245 801 3308 116
825 3244 860 3309 L.
876 3243 1025 3309 Muelleri
1053 3245 1237 3329 etglossae
1260 3241 1411 3327 1100180-

265 3351 405 3415 lomonis
429 3351 627 3435 glossarium
650 3351 796 3416 adiectae
819 3352 978 3417 124911.
1039 3431 1041 3435 ι

341 3544 361 3612 ¹)
380 3545 454 3600 Fieri
472 3545 567 3615 potest
584 3547 617 3599 nt
634 3544 664 3598 in
682 3545 736 3599 hac
755 3562 865 3613 qnoque
884 3545 1031 3600 Philoxeni
1049 3545 1154 3615 glossa:

264 3675 272 3682 .
374 3635 527 3701 adfectio:
548 3634 683 3701 ἐπίλογος,
703 3635 852 3702 ἀπόφαειε,
872 3635 1045 3702 προεομιλῐα,
1065 3637 1103 3688 ὡ(
1121 3632 1325 3688 morcio(

355 3741 381 3792 p.
397 3730 421 3791 5,
434 3730 475 3778 17.
495 3725 631 3791 dudone<
650 3722 759 3791 scripsi,
779 3723 883 3777 collata
896 3722 1043 3776 Philoxeni
1056 3741 1083 3792 p.
1099 3729 1123 3790 5,
1134 3722 1264 3791 §lgiones
1284 3720 1412 3774 ‘adfatur

356 3812 535 3880 dnopdcer,
563 3812 798 3879 προεφθὲγματι’;
830 3813 967 3881 πρόφαει(
983 3811 1068 3880 'cod.,
1100 3828 1150 3881 pro
1179 3828 1235 3879 quo
1258 3809 1412 3864 Vulcanius

354 3903 505 3969 rrpdrpccrc
522 3900 680 3970 proposuit,
699 3916 797 3954 vocem
816 3899 885 3954 alibi
902 3903 935 3955 nt
953 3899 1063 3954 videtur
1081 3915 1136 3953 non
1155 3899 1297 3956 traditam.

265 3990 356 4044 Lucili
376 4006 478 4044 nomen
500 3987 601 4053 lateat3
627 3987 684 4042 dici
702 3987 777 4042 euim
795 3989 893 4057 nequit
911 4006 996 4058 quam
1015 4005 1098 4058 saepe
1116 3987 1225 4044 librarii
1242 3986 1409 4042 LUCILIUS

261 4076 295 4132 in
309 4077 440 4133 Lucius
459 4078 641 4146 corruperint.
667 4077 771 4145 Minus,
790 4077 814 4131 si
832 4075 900 4146 quid
914 4077 1008 4145 video,
1028 4075 1183 4147 probabilis
1197 4075 1330 4134 Vulcanii
1347 4093 1411 4130 con·

265 4165 373 4221 iectura
395 4164 490 4220 Plauti
512 4181 614 4220 nomen
637 4164 823 4230 restitueritis,
850 4164 939 4218 multo
967 4163 1053 4219 etiam
1079 4165 1171 4218 minus
1194 4163 1305 4233 Iosephi
1328 4165 1412 4219 Klein

266 4254 296 4307 in
314 4254 410 4310 Museo
429 4254 564 4309 Rhenano
582 4254 601 4307 l.
622 4271 642 4308 0.
662 4273 682 4310 0.
702 4254 736 4308 de
754 4253 865 4308 Plautio
884 4253 1043 4322 cogitantis.

339 4341 360 4412 ²)
379 4343 462 4412 Apud
480 4342 511 4397 Ο.
530 4342 699 4396 Muellerum
716 4341 746 4395 in
764 4342 825 4411 ipso
844 4343 975 4397 contextu
993 4343 1104 4410 nosram
1121 4342 1244 4412 posituin
1264 4345 1317 4409 est,
1337 4342 1412 4411 quod

265 4430 397 4485 mendum
416 4432 588 4502 typographi
606 4448 665 4486 esse
684 4431 829 4486 adnotatio
848 4431 937 4486 docet
