<?xml version="1.0" encoding="UTF-8"?>
<!DOCTYPE html PUBLIC "-//W3C//DTD XHTML 1.0 Transitional//EN"
    "http://www.w3.org/TR/xhtml1/DTD/xhtml1-transitional.dtd">
<html xmlns="http://www.w3.org/1999/xhtml" xml:lang="en" lang="en">
 <head>
  <title>
</title>
<meta http-equiv="Content-Type" content="text/html;charset=utf-8" />
  <meta name='ocr-system' content='tesseract 3.04.00' />
  <meta name='ocr-capabilities' content='ocr_page ocr_carea ocr_par ocr_line ocrx_word'/>
</head>
<body>
  <div class='ocr_page' id='page_1' title='image "./prodromvscorpor00loewgoog/prodromvscorpor00loewgoog_0156.png"; bbox 0 0 3216 5126; ppageno 0'>
   <div class='ocr_carea' id='block_1_1' title="bbox 655 351 897 416">
    <p class='ocr_par' dir='ltr' id='par_1_1' title="bbox 655 351 897 416">
     <span class='ocr_line' id='line_1_1' title="bbox 655 351 897 416; baseline 0.004 -1"><span class='ocrx_word' id='word_1_1' title='bbox 655 351 897 416; x_wconf 81' lang='lat'>-135—</span> 
     </span>
    </p>
   </div>
   <div class='ocr_carea' id='block_1_2' title="bbox 205 494 1381 1130">
    <p class='ocr_par' dir='ltr' id='par_1_2' title="bbox 207 494 1381 600">
     <span class='ocr_line' id='line_1_2' title="bbox 207 494 1381 600; baseline 0.003 -27"><span class='ocrx_word' id='word_1_2' title='bbox 207 510 333 574; x_wconf 91' lang='lat' dir='ltr'>medela</span> <span class='ocrx_word' id='word_1_3' title='bbox 346 511 427 575; x_wconf 90' lang='lat' dir='ltr'>mihi</span> <span class='ocrx_word' id='word_1_4' title='bbox 441 511 568 576; x_wconf 81' lang='lat' dir='ltr'>videtur</span> <span class='ocrx_word' id='word_1_5' title='bbox 590 494 697 575; x_wconf 77' lang='lat' dir='ltr'>afferri</span> <span class='ocrx_word' id='word_1_6' title='bbox 721 533 787 576; x_wconf 92' lang='lat' dir='ltr'>non</span> <span class='ocrx_word' id='word_1_7' title='bbox 810 533 906 594; x_wconf 89' lang='lat' dir='ltr'>posse</span> <span class='ocrx_word' id='word_1_8' title='bbox 930 511 992 575; x_wconf 90' lang='lat' dir='ltr'>nisi</span> <span class='ocrx_word' id='word_1_9' title='bbox 1006 511 1053 574; x_wconf 92' lang='lat' dir='ltr'>ita</span> <span class='ocrx_word' id='word_1_10' title='bbox 1069 514 1105 574; x_wconf 92' lang='lat' dir='ltr'>ut</span> <span class='ocrx_word' id='word_1_11' title='bbox 1124 511 1204 576; x_wconf 88' lang='lat' dir='ltr'>duae</span> <span class='ocrx_word' id='word_1_12' title='bbox 1223 512 1350 596; x_wconf 77' lang='lat' dir='ltr'>glossae</span> <span class='ocrx_word' id='word_1_13' title='bbox 1375 573 1381 600; x_wconf 48' lang='lat'><strong>¹</strong></span> 
     </span>
    </p>

    <p class='ocr_par' dir='ltr' id='par_1_3' title="bbox 205 600 1044 789">
     <span class='ocr_line' id='line_1_3' title="bbox 205 600 1044 698; baseline 0.001 -19"><span class='ocrx_word' id='word_1_14' title='bbox 205 617 405 698; x_wconf 80' lang='lat' dir='ltr'>compositae</span> <span class='ocrx_word' id='word_1_15' title='bbox 429 600 514 681; x_wconf 86' lang='lat' dir='ltr'>huno</span> <span class='ocrx_word' id='word_1_16' title='bbox 537 617 604 680; x_wconf 89' lang='lat' dir='ltr'>fere</span> <span class='ocrx_word' id='word_1_17' title='bbox 627 617 662 680; x_wconf 92' lang='lat' dir='ltr'>in</span> <span class='ocrx_word' id='word_1_18' title='bbox 686 618 816 680; x_wconf 90' lang='lat' dir='ltr'>modum</span> <span class='ocrx_word' id='word_1_19' title='bbox 839 617 1044 682; x_wconf 76' lang='lat' dir='ltr'>dirimantur:</span> 
     </span>
     <span class='ocr_line' id='line_1_4' title="bbox 277 723 738 789; baseline 0.002 -1"><span class='ocrx_word' id='word_1_20' title='bbox 277 723 454 788; x_wconf 81' lang='lat' dir='ltr'>Veratrum:</span> <span class='ocrx_word' id='word_1_21' title='bbox 478 725 585 789; x_wconf 77' lang='lat' dir='ltr'>virilia</span> <span class='ocrx_word' id='word_1_22' title='bbox 607 725 738 789; x_wconf 79' lang='lat' dir='ltr'>maseati</span> 
     </span>
    </p>

    <p class='ocr_par' dir='ltr' id='par_1_4' title="bbox 272 831 1372 914">
     <span class='ocr_line' id='line_1_5' title="bbox 272 831 1372 914; baseline 0.002 -19"><span class='ocrx_word' id='word_1_23' title='bbox 272 831 401 910; x_wconf 74' lang='lat' dir='ltr'>[Vestat</span> <span class='ocrx_word' id='word_1_24' title='bbox 429 834 511 913; x_wconf 89' lang='lat' dir='ltr'>dea,]</span> <span class='ocrx_word' id='word_1_25' title='bbox 545 854 623 914; x_wconf 79' lang='lat' dir='ltr'>qaae</span> <span class='ocrx_word' id='word_1_26' title='bbox 649 833 800 898; x_wconf 73' lang='lat' dir='ltr'><em>colebatur</em></span> <span class='ocrx_word' id='word_1_27' title='bbox 826 833 862 898; x_wconf 77' lang='lat' dir='ltr'>ia</span> <span class='ocrx_word' id='word_1_28' title='bbox 887 832 961 902; x_wconf 83' lang='lat' dir='ltr'>arbe</span> <span class='ocrx_word' id='word_1_29' title='bbox 988 832 1090 896; x_wconf 77' lang='lat' dir='ltr'>Roaaa</span> <span class='ocrx_word' id='word_1_30' title='bbox 1119 834 1210 914; x_wconf 78' lang='lat' dir='ltr'>quast</span> <span class='ocrx_word' id='word_1_31' title='bbox 1236 854 1372 912; x_wconf 36' lang='lat' dir='ltr'>namen,</span> 
     </span>
    </p>

    <p class='ocr_par' dir='ltr' id='par_1_5' title="bbox 338 939 1367 1030">
     <span class='ocr_line' id='line_1_6' title="bbox 338 939 1367 1030; baseline 0.003 -30"><span class='ocrx_word' id='word_1_32' title='bbox 338 939 421 1020; x_wconf 76' lang='lat' dir='ltr'>ipais</span> <span class='ocrx_word' id='word_1_33' title='bbox 1360 1022 1367 1030; x_wconf 16' lang='grc' dir='ltr'><strong>ἡ</strong></span> 
     </span>
    </p>

    <p class='ocr_par' dir='ltr' id='par_1_6' title="bbox 292 1043 1348 1130">
     <span class='ocr_line' id='line_1_7' title="bbox 292 1043 1348 1130; baseline 0.004 -24"><span class='ocrx_word' id='word_1_34' title='bbox 292 1044 320 1107; x_wconf 89' lang='grc'>3.</span> <span class='ocrx_word' id='word_1_35' title='bbox 344 1043 468 1109; x_wconf 86' lang='lat' dir='ltr'>Ibidem</span> <span class='ocrx_word' id='word_1_36' title='bbox 486 1068 505 1110; x_wconf 89' lang='grc'>3</span> <span class='ocrx_word' id='word_1_37' title='bbox 524 1046 652 1110; x_wconf 86' lang='lat' dir='ltr'>litterae</span> <span class='ocrx_word' id='word_1_38' title='bbox 676 1046 786 1130; x_wconf 78' lang='lat' dir='ltr'>glossa</span> <span class='ocrx_word' id='word_1_39' title='bbox 804 1044 973 1110; x_wconf 77' lang='lat' dir='ltr'>undecima</span> <span class='ocrx_word' id='word_1_40' title='bbox 992 1044 1037 1109; x_wconf 88' lang='lat' dir='ltr'>sie</span> <span class='ocrx_word' id='word_1_41' title='bbox 1056 1044 1144 1108; x_wconf 87' lang='lat' dir='ltr'>edita</span> <span class='ocrx_word' id='word_1_42' title='bbox 1162 1049 1224 1108; x_wconf 89' lang='lat' dir='ltr'>est:</span> <span class='ocrx_word' id='word_1_43' title='bbox 1254 1045 1348 1112; x_wconf 85' lang='lat' dir='ltr'>Vale:</span> 
     </span>
    </p>
   </div>
   <div class='ocr_carea' id='block_1_3' title="bbox 203 1149 1458 1236">
    <p class='ocr_par' dir='ltr' id='par_1_7' title="bbox 203 1149 1458 1236">
     <span class='ocr_line' id='line_1_8' title="bbox 203 1149 1458 1236; baseline 0.003 -22"><span class='ocrx_word' id='word_1_44' title='bbox 203 1151 312 1214; x_wconf 82' lang='lat' dir='ltr'>balaae</span> <span class='ocrx_word' id='word_1_45' title='bbox 335 1151 483 1235; x_wconf 79' lang='lat' dir='ltr'>literalis,</span> <span class='ocrx_word' id='word_1_46' title='bbox 506 1175 609 1236; x_wconf 92' lang='lat' dir='ltr'>neque</span> <span class='ocrx_word' id='word_1_47' title='bbox 624 1153 718 1216; x_wconf 86' lang='lat' dir='ltr'>aliter</span> <span class='ocrx_word' id='word_1_48' title='bbox 733 1151 886 1234; x_wconf 87' lang='lat' dir='ltr'>seriptum</span> <span class='ocrx_word' id='word_1_49' title='bbox 906 1150 940 1213; x_wconf 91' lang='lat' dir='ltr'>in</span> <span class='ocrx_word' id='word_1_50' title='bbox 955 1149 1063 1213; x_wconf 85' lang='lat' dir='ltr'>codiee</span> <span class='ocrx_word' id='word_1_51' title='bbox 1078 1151 1213 1235; x_wconf 82' lang='lat' dir='ltr'>repperi.</span> <span class='ocrx_word' id='word_1_52' title='bbox 1243 1152 1348 1218; x_wconf 90' lang='lat' dir='ltr'>Nemo</span> <span class='ocrx_word' id='word_1_53' title='bbox 1457 1191 1458 1196; x_wconf 44' lang='lat'><strong>.</strong></span> 
     </span>
    </p>
   </div>
   <div class='ocr_carea' id='block_1_4' title="bbox 201 1255 1349 1877">
    <p class='ocr_par' dir='ltr' id='par_1_8' title="bbox 203 1255 1349 1428">
     <span class='ocr_line' id='line_1_9' title="bbox 203 1255 1349 1342; baseline 0.003 -22"><span class='ocrx_word' id='word_1_54' title='bbox 203 1262 253 1321; x_wconf 90' lang='lat' dir='ltr'>est</span> <span class='ocrx_word' id='word_1_55' title='bbox 276 1257 354 1341; x_wconf 91' lang='lat' dir='ltr'>quin</span> <span class='ocrx_word' id='word_1_56' title='bbox 372 1257 481 1321; x_wconf 86' lang='lat' dir='ltr'>videat</span> <span class='ocrx_word' id='word_1_57' title='bbox 499 1258 661 1342; x_wconf 87' lang='lat' dir='ltr'>integram</span> <span class='ocrx_word' id='word_1_58' title='bbox 682 1259 823 1342; x_wconf 81' lang='lat' dir='ltr'>glossam</span> <span class='ocrx_word' id='word_1_59' title='bbox 843 1255 944 1320; x_wconf 87' lang='lat' dir='ltr'>fuisse</span> <span class='ocrx_word' id='word_1_60' title='bbox 962 1256 1062 1319; x_wconf 85' lang='lat' dir='ltr'>talem</span> <span class='ocrx_word' id='word_1_61' title='bbox 1076 1257 1199 1322; x_wconf 72' lang='lat' dir='ltr'>Butae:</span> <span class='ocrx_word' id='word_1_62' title='bbox 1223 1259 1349 1324; x_wconf 79' lang='lat' dir='ltr'>balneae</span> 
     </span>
     <span class='ocr_line' id='line_1_10' title="bbox 204 1364 631 1428; baseline 0.007 -1"><span class='ocrx_word' id='word_1_63' title='bbox 204 1364 346 1428; x_wconf 72' lang='lat' dir='ltr'>litorales</span> <span class='ocrx_word' id='word_1_64' title='bbox 630 1365 631 1368; x_wconf 66' lang='grc'>’</span> 
     </span>
    </p>

    <p class='ocr_par' dir='ltr' id='par_1_9' title="bbox 201 1467 1347 1877">
     <span class='ocr_line' id='line_1_11' title="bbox 291 1467 1347 1555; baseline 0.005 -20"><span class='ocrx_word' id='word_1_65' title='bbox 291 1473 320 1535; x_wconf 92' lang='grc'><strong>4.</strong></span> <span class='ocrx_word' id='word_1_66' title='bbox 350 1467 573 1554; x_wconf 73' lang='lat' dir='ltr'>Amploniani2</span> <span class='ocrx_word' id='word_1_67' title='bbox 596 1493 627 1554; x_wconf 91' lang='lat' dir='ltr'>p.</span> <span class='ocrx_word' id='word_1_68' title='bbox 651 1469 725 1555; x_wconf 82' lang='grc'>357,</span> <span class='ocrx_word' id='word_1_69' title='bbox 747 1471 809 1536; x_wconf 89' lang='grc'>122</span> <span class='ocrx_word' id='word_1_70' title='bbox 832 1472 969 1554; x_wconf 65' lang='grc'>33333331</span> <span class='ocrx_word' id='word_1_71' title='bbox 994 1476 1166 1536; x_wconf 79' lang='lat' dir='ltr'>monstram</span> <span class='ocrx_word' id='word_1_72' title='bbox 1189 1474 1224 1536; x_wconf 77' lang='lat' dir='ltr'>a</span> <span class='ocrx_word' id='word_1_73' title='bbox 1244 1475 1347 1541; x_wconf 76' lang='lat' dir='ltr'>samii.</span> 
     </span>
     <span class='ocr_line' id='line_1_12' title="bbox 203 1569 1347 1663; baseline 0.003 -21"><span class='ocrx_word' id='word_1_74' title='bbox 203 1576 313 1642; x_wconf 82' lang='lat' dir='ltr'>Scribe</span> <span class='ocrx_word' id='word_1_75' title='bbox 331 1579 366 1642; x_wconf 79' lang='lat' dir='ltr'>id</span> <span class='ocrx_word' id='word_1_76' title='bbox 382 1584 426 1642; x_wconf 85' lang='lat' dir='ltr'>est</span> <span class='ocrx_word' id='word_1_77' title='bbox 442 1580 550 1656; x_wconf 76' lang='lat' dir='ltr'>strata,</span> <span class='ocrx_word' id='word_1_78' title='bbox 573 1578 658 1663; x_wconf 92' lang='lat' dir='ltr'>quod</span> <span class='ocrx_word' id='word_1_79' title='bbox 682 1600 755 1642; x_wconf 90' lang='lat' dir='ltr'>oum</span> <span class='ocrx_word' id='word_1_80' title='bbox 777 1578 828 1644; x_wconf 88' lang='lat' dir='ltr'>vel</span> <span class='ocrx_word' id='word_1_81' title='bbox 852 1579 907 1663; x_wconf 92' lang='lat' dir='ltr'>qui</span> <span class='ocrx_word' id='word_1_82' title='bbox 931 1578 1091 1642; x_wconf 83' lang='lat' dir='ltr'>caecutiat</span> <span class='ocrx_word' id='word_1_83' title='bbox 1113 1578 1207 1642; x_wconf 83' lang='grc'>133113</span> <span class='ocrx_word' id='word_1_84' title='bbox 1230 1569 1347 1645; x_wconf 81' lang='lat' dir='ltr'>viderit</span> 
     </span>
     <span class='ocr_line' id='line_1_13' title="bbox 201 1685 1347 1770; baseline 0.002 -20"><span class='ocrx_word' id='word_1_85' title='bbox 201 1709 266 1750; x_wconf 92' lang='lat' dir='ltr'>non</span> <span class='ocrx_word' id='word_1_86' title='bbox 296 1708 611 1770; x_wconf 81' lang='lat' dir='ltr'>commemorassem,</span> <span class='ocrx_word' id='word_1_87' title='bbox 643 1686 705 1750; x_wconf 90' lang='lat' dir='ltr'>nisi</span> <span class='ocrx_word' id='word_1_88' title='bbox 738 1686 920 1770; x_wconf 85' lang='lat' dir='ltr'>exemplum</span> <span class='ocrx_word' id='word_1_89' title='bbox 947 1687 1033 1748; x_wconf 89' lang='lat' dir='ltr'>esset</span> <span class='ocrx_word' id='word_1_90' title='bbox 1061 1685 1140 1748; x_wconf 88' lang='lat' dir='ltr'>satis</span> <span class='ocrx_word' id='word_1_91' title='bbox 1168 1685 1303 1768; x_wconf 92' lang='lat' dir='ltr'>planum</span> <span class='ocrx_word' id='word_1_92' title='bbox 1325 1709 1347 1752; x_wconf 87' lang='lat' dir='ltr'>a</span> 
     </span>
     <span class='ocr_line' id='line_1_14' title="bbox 201 1792 1047 1877; baseline -0.001 -22"><span class='ocrx_word' id='word_1_93' title='bbox 201 1792 330 1856; x_wconf 88' lang='lat' dir='ltr'>litterae</span> <span class='ocrx_word' id='word_1_94' title='bbox 353 1793 476 1857; x_wconf 85' lang='lat' dir='ltr'>formae</span> <span class='ocrx_word' id='word_1_95' title='bbox 500 1814 581 1877; x_wconf 88' lang='lat' dir='ltr'>quae</span> <span class='ocrx_word' id='word_1_96' title='bbox 605 1795 703 1856; x_wconf 84' lang='lat' dir='ltr'>esta</span> <span class='ocrx_word' id='word_1_97' title='bbox 727 1794 811 1856; x_wconf 86' lang='lat' dir='ltr'>male</span> <span class='ocrx_word' id='word_1_98' title='bbox 833 1794 1047 1876; x_wconf 74' lang='lat' dir='ltr'>permutatae.</span> 
     </span>
    </p>
   </div>
   <div class='ocr_carea' id='block_1_5' title="bbox 199 1919 1344 2569">
    <p class='ocr_par' dir='ltr' id='par_1_10' title="bbox 199 1919 1344 2141">
     <span class='ocr_line' id='line_1_15' title="bbox 289 1919 1344 2038; baseline 0.002 -21"><span class='ocrx_word' id='word_1_99' title='bbox 289 1953 318 2017; x_wconf 81' lang='grc'>3.</span> <span class='ocrx_word' id='word_1_100' title='bbox 341 1949 811 2035; x_wconf 80' lang='lat' dir='ltr'>Amplonianus¹p.361,168</span> <span class='ocrx_word' id='word_1_101' title='bbox 838 1951 981 2015; x_wconf 69' lang='lat' dir='ltr'>exhibet:</span> <span class='ocrx_word' id='word_1_102' title='bbox 1003 1919 1206 2038; x_wconf 67' lang='lat' dir='ltr'>prostratae</span> <span class='ocrx_word' id='word_1_103' title='bbox 1225 1955 1344 2038; x_wconf 74' lang='lat' dir='ltr'>mara,</span> 
     </span>
     <span class='ocr_line' id='line_1_16' title="bbox 199 2056 1285 2141; baseline 0.003 -19"><span class='ocrx_word' id='word_1_104' title='bbox 199 2058 261 2122; x_wconf 89' lang='lat' dir='ltr'>hoo</span> <span class='ocrx_word' id='word_1_105' title='bbox 284 2062 334 2122; x_wconf 89' lang='lat' dir='ltr'>est</span> <span class='ocrx_word' id='word_1_106' title='bbox 353 2057 539 2139; x_wconf 69' lang='lat' dir='ltr'>portuosa:</span> <span class='ocrx_word' id='word_1_107' title='bbox 563 2057 680 2121; x_wconf 78' lang='lat' dir='ltr'>malleo.</span> <span class='ocrx_word' id='word_1_108' title='bbox 726 2057 843 2122; x_wconf 86' lang='lat' dir='ltr'>Malleo</span> <span class='ocrx_word' id='word_1_109' title='bbox 866 2057 1019 2121; x_wconf 87' lang='lat' dir='ltr'>nimirum</span> <span class='ocrx_word' id='word_1_110' title='bbox 1043 2056 1285 2141; x_wconf 76' lang='lat' dir='ltr'>‘aegeatorum’.</span> 
     </span>
    </p>

    <p class='ocr_par' dir='ltr' id='par_1_11' title="bbox 199 2163 1344 2460">
     <span class='ocr_line' id='line_1_17' title="bbox 288 2163 1344 2246; baseline 0 -17"><span class='ocrx_word' id='word_1_111' title='bbox 288 2166 317 2229; x_wconf 88' lang='lat'>6.</span> <span class='ocrx_word' id='word_1_112' title='bbox 340 2164 441 2228; x_wconf 89' lang='lat' dir='ltr'>Paulo</span> <span class='ocrx_word' id='word_1_113' title='bbox 466 2164 542 2227; x_wconf 88' lang='lat' dir='ltr'>ante</span> <span class='ocrx_word' id='word_1_114' title='bbox 565 2163 648 2228; x_wconf 89' lang='lat' dir='ltr'>hane</span> <span class='ocrx_word' id='word_1_115' title='bbox 672 2164 815 2246; x_wconf 86' lang='lat' dir='ltr'>glossam</span> <span class='ocrx_word' id='word_1_116' title='bbox 837 2187 868 2246; x_wconf 90' lang='lat' dir='ltr'>p.</span> <span class='ocrx_word' id='word_1_117' title='bbox 892 2163 1058 2246; x_wconf 78' lang='lat'>360‚144:</span> <span class='ocrx_word' id='word_1_118' title='bbox 1078 2165 1272 2244; x_wconf 78' lang='lat' dir='ltr'>pudorem:</span> <span class='ocrx_word' id='word_1_119' title='bbox 1298 2171 1344 2229; x_wconf 86' lang='lat' dir='ltr'>ta·</span> 
     </span>
     <span class='ocr_line' id='line_1_18' title="bbox 199 2270 1342 2354; baseline -0.002 -17"><span class='ocrx_word' id='word_1_120' title='bbox 199 2276 303 2338; x_wconf 80' lang='lat' dir='ltr'>airam</span> <span class='ocrx_word' id='word_1_121' title='bbox 322 2273 452 2338; x_wconf 80' lang='lat' dir='ltr'>talarem</span> <span class='ocrx_word' id='word_1_122' title='bbox 469 2272 626 2354; x_wconf 89' lang='lat' dir='ltr'>pudorem</span> <span class='ocrx_word' id='word_1_123' title='bbox 644 2292 745 2354; x_wconf 86' lang='lat' dir='ltr'>paene</span> <span class='ocrx_word' id='word_1_124' title='bbox 764 2274 872 2334; x_wconf 86' lang='lat' dir='ltr'>movet</span> <span class='ocrx_word' id='word_1_125' title='bbox 891 2270 1008 2353; x_wconf 83' lang='lat' dir='ltr'>dicere,</span> <span class='ocrx_word' id='word_1_126' title='bbox 1026 2271 1170 2352; x_wconf 75' lang='lat' dir='ltr'>poderem</span> <span class='ocrx_word' id='word_1_127' title='bbox 1190 2275 1209 2334; x_wconf 86' lang='lat' dir='ltr'>t.</span> <span class='ocrx_word' id='word_1_128' title='bbox 1228 2276 1248 2336; x_wconf 86' lang='lat' dir='ltr'>t.</span> <span class='ocrx_word' id='word_1_129' title='bbox 1267 2271 1342 2335; x_wconf 86' lang='lat' dir='ltr'>sori-</span> 
     </span>
     <span class='ocr_line' id='line_1_19' title="bbox 199 2368 1292 2460; baseline -0.009 -16"><span class='ocrx_word' id='word_1_130' title='bbox 199 2379 338 2444; x_wconf 88' lang='lat' dir='ltr'>bendum</span> <span class='ocrx_word' id='word_1_131' title='bbox 362 2401 441 2442; x_wconf 86' lang='grc'>3333.</span> <span class='ocrx_word' id='word_1_132' title='bbox 1187 2455 1190 2460; x_wconf 27' lang='grc' dir='ltr'>Ι</span> <span class='ocrx_word' id='word_1_133' title='bbox 1287 2368 1292 2378; x_wconf 65' lang='grc'><strong>“</strong></span> 
     </span>
    </p>

    <p class='ocr_par' dir='ltr' id='par_1_12' title="bbox 287 2484 1341 2569">
     <span class='ocr_line' id='line_1_20' title="bbox 287 2484 1341 2569; baseline -0.001 -20"><span class='ocrx_word' id='word_1_134' title='bbox 287 2487 316 2550; x_wconf 79' lang='grc'>1.</span> <span class='ocrx_word' id='word_1_135' title='bbox 339 2485 373 2549; x_wconf 90' lang='grc' dir='ltr'>Ρ.</span> <span class='ocrx_word' id='word_1_136' title='bbox 397 2485 471 2568; x_wconf 88' lang='grc'>341,</span> <span class='ocrx_word' id='word_1_137' title='bbox 486 2486 528 2550; x_wconf 90' lang='grc'>36</span> <span class='ocrx_word' id='word_1_138' title='bbox 552 2508 610 2569; x_wconf 92' lang='lat' dir='ltr'>pro</span> <span class='ocrx_word' id='word_1_139' title='bbox 635 2484 826 2550; x_wconf 79' lang='lat' dir='ltr'>iaaeeba‘llts:</span> <span class='ocrx_word' id='word_1_140' title='bbox 850 2486 1021 2566; x_wconf 75' lang='lat' dir='ltr'>saapatdas</span> <span class='ocrx_word' id='word_1_141' title='bbox 1045 2485 1148 2549; x_wconf 82' lang='lat' dir='ltr'>scribe</span> <span class='ocrx_word' id='word_1_142' title='bbox 1171 2485 1341 2550; x_wconf 77' lang='lat' dir='ltr'>inbecillis:</span> 
     </span>
    </p>
   </div>
   <div class='ocr_carea' id='block_1_6' title="bbox 192 2593 1341 4169">
    <p class='ocr_par' dir='ltr' id='par_1_13' title="bbox 198 2593 1031 2675">
     <span class='ocr_line' id='line_1_21' title="bbox 198 2593 1031 2675; baseline -0.004 -19"><span class='ocrx_word' id='word_1_143' title='bbox 198 2593 372 2675; x_wconf 75' lang='lat' dir='ltr'>laapaidas.</span> <span class='ocrx_word' id='word_1_144' title='bbox 1029 2639 1031 2643; x_wconf 83' lang='grc'><strong>-</strong></span> 
     </span>
    </p>

    <p class='ocr_par' dir='ltr' id='par_1_14' title="bbox 288 2696 1223 2779">
     <span class='ocr_line' id='line_1_22' title="bbox 288 2696 1223 2779; baseline -0.002 -15"><span class='ocrx_word' id='word_1_145' title='bbox 288 2700 317 2764; x_wconf 90' lang='grc'>8.</span> <span class='ocrx_word' id='word_1_146' title='bbox 339 2698 374 2763; x_wconf 89' lang='grc' dir='ltr'>Ρ.</span> <span class='ocrx_word' id='word_1_147' title='bbox 398 2697 529 2779; x_wconf 88' lang='grc'>332,16</span> <span class='ocrx_word' id='word_1_148' title='bbox 551 2698 651 2777; x_wconf 78' lang='lat' dir='ltr'>faaee:</span> <span class='ocrx_word' id='word_1_149' title='bbox 675 2697 793 2778; x_wconf 76' lang='lat' dir='ltr'>implet:</span> <span class='ocrx_word' id='word_1_150' title='bbox 817 2696 952 2760; x_wconf 87' lang='lat' dir='ltr'>emenda</span> <span class='ocrx_word' id='word_1_151' title='bbox 972 2697 1087 2776; x_wconf 74' lang='lat' dir='ltr'>farcit:</span> <span class='ocrx_word' id='word_1_152' title='bbox 1110 2699 1223 2779; x_wconf 79' lang='lat' dir='ltr'>implet.</span> 
     </span>
    </p>

    <p class='ocr_par' dir='ltr' id='par_1_15' title="bbox 194 2803 1341 3422">
     <span class='ocr_line' id='line_1_23' title="bbox 285 2803 1340 2887; baseline 0 -17"><span class='ocrx_word' id='word_1_153' title='bbox 285 2807 315 2870; x_wconf 86' lang='grc'>0.</span> <span class='ocrx_word' id='word_1_154' title='bbox 337 2805 372 2869; x_wconf 92' lang='grc' dir='ltr'>Ρ.</span> <span class='ocrx_word' id='word_1_155' title='bbox 396 2805 470 2887; x_wconf 84' lang='grc'>296,</span> <span class='ocrx_word' id='word_1_156' title='bbox 488 2805 551 2869; x_wconf 87' lang='grc'>104</span> <span class='ocrx_word' id='word_1_157' title='bbox 574 2805 693 2869; x_wconf 78' lang='lat' dir='ltr'>ditata:</span> <span class='ocrx_word' id='word_1_158' title='bbox 717 2807 800 2868; x_wconf 83' lang='lat' dir='ltr'>doato</span> <span class='ocrx_word' id='word_1_159' title='bbox 822 2803 868 2866; x_wconf 85' lang='grc'>331</span> <span class='ocrx_word' id='word_1_160' title='bbox 890 2804 981 2866; x_wconf 76' lang='lat' dir='ltr'>uaria</span> <span class='ocrx_word' id='word_1_161' title='bbox 1004 2825 1020 2866; x_wconf 90' lang='lat' dir='ltr'>e</span> <span class='ocrx_word' id='word_1_162' title='bbox 1044 2804 1163 2887; x_wconf 82' lang='lat' dir='ltr'>glossis</span> <span class='ocrx_word' id='word_1_163' title='bbox 1188 2807 1269 2870; x_wconf 80' lang='lat' dir='ltr'>adi·</span> <span class='ocrx_word' id='word_1_164' title='bbox 1293 2807 1340 2870; x_wconf 92' lang='lat' dir='ltr'>in-</span> 
     </span>
     <span class='ocr_line' id='line_1_24' title="bbox 196 2909 1341 2996; baseline 0 -20"><span class='ocrx_word' id='word_1_165' title='bbox 196 2913 389 2996; x_wconf 84' lang='lat' dir='ltr'>cipientibus</span> <span class='ocrx_word' id='word_1_166' title='bbox 418 2912 497 2994; x_wconf 86' lang='lat' dir='ltr'>eice,</span> <span class='ocrx_word' id='word_1_167' title='bbox 529 2934 601 2976; x_wconf 89' lang='lat' dir='ltr'>eum</span> <span class='ocrx_word' id='word_1_168' title='bbox 631 2910 800 2976; x_wconf 83' lang='lat' dir='ltr'>scribenda</span> <span class='ocrx_word' id='word_1_169' title='bbox 823 2909 867 2972; x_wconf 90' lang='lat' dir='ltr'>sit</span> <span class='ocrx_word' id='word_1_170' title='bbox 889 2909 1039 2972; x_wconf 84' lang='lat' dir='ltr'>daedala:</span> <span class='ocrx_word' id='word_1_171' title='bbox 1062 2911 1150 2974; x_wconf 81' lang='lat' dir='ltr'>docta</span> <span class='ocrx_word' id='word_1_172' title='bbox 1177 2913 1224 2976; x_wconf 87' lang='lat' dir='ltr'>vel</span> <span class='ocrx_word' id='word_1_173' title='bbox 1250 2915 1341 2976; x_wconf 78' lang='grc'>33133</span> 
     </span>
     <span class='ocr_line' id='line_1_25' title="bbox 196 3015 1339 3101; baseline 0 -18"><span class='ocrx_word' id='word_1_174' title='bbox 196 3020 313 3083; x_wconf 85' lang='lat' dir='ltr'>collato</span> <span class='ocrx_word' id='word_1_175' title='bbox 345 3018 439 3081; x_wconf 90' lang='lat' dir='ltr'>Pauli</span> <span class='ocrx_word' id='word_1_176' title='bbox 466 3017 563 3082; x_wconf 81' lang='lat' dir='ltr'>Festo</span> <span class='ocrx_word' id='word_1_177' title='bbox 592 3041 622 3101; x_wconf 93' lang='lat' dir='ltr'>p.</span> <span class='ocrx_word' id='word_1_178' title='bbox 645 3019 701 3100; x_wconf 88' lang='grc'>68,</span> <span class='ocrx_word' id='word_1_179' title='bbox 717 3018 750 3081; x_wconf 88' lang='grc'>6;</span> <span class='ocrx_word' id='word_1_180' title='bbox 789 3015 969 3079; x_wconf 75' lang='lat' dir='ltr'>‘daedalum</span> <span class='ocrx_word' id='word_1_181' title='bbox 998 3037 1017 3079; x_wconf 89' lang='lat' dir='ltr'>a</span> <span class='ocrx_word' id='word_1_182' title='bbox 1045 3017 1202 3082; x_wconf 87' lang='lat' dir='ltr'>varietate</span> <span class='ocrx_word' id='word_1_183' title='bbox 1231 3041 1339 3082; x_wconf 88' lang='lat' dir='ltr'>rerum</span> 
     </span>
     <span class='ocr_line' id='line_1_26' title="bbox 196 3121 1339 3208; baseline 0.001 -19"><span class='ocrx_word' id='word_1_184' title='bbox 196 3125 467 3208; x_wconf 81' lang='lat' dir='ltr'>artificiorumque</span> <span class='ocrx_word' id='word_1_185' title='bbox 500 3123 618 3188; x_wconf 85' lang='lat' dir='ltr'>dietam</span> <span class='ocrx_word' id='word_1_186' title='bbox 652 3145 720 3187; x_wconf 87' lang='lat' dir='ltr'>esse</span> <span class='ocrx_word' id='word_1_187' title='bbox 753 3122 837 3205; x_wconf 92' lang='lat' dir='ltr'>apud</span> <span class='ocrx_word' id='word_1_188' title='bbox 867 3121 1052 3186; x_wconf 81' lang='lat' dir='ltr'>Lucretium</span> <span class='ocrx_word' id='word_1_189' title='bbox 1083 3125 1218 3208; x_wconf 81' lang='lat' dir='ltr'>terram,</span> <span class='ocrx_word' id='word_1_190' title='bbox 1254 3127 1339 3208; x_wconf 90' lang='lat' dir='ltr'>apud</span> 
     </span>
     <span class='ocr_line' id='line_1_27' title="bbox 194 3211 1337 3315; baseline 0 -19"><span class='ocrx_word' id='word_1_191' title='bbox 194 3233 335 3296; x_wconf 79' lang='lat' dir='ltr'>Ennium</span> <span class='ocrx_word' id='word_1_192' title='bbox 358 3230 552 3314; x_wconf 81' lang='lat' dir='ltr'>Minervam,</span> <span class='ocrx_word' id='word_1_193' title='bbox 580 3231 663 3315; x_wconf 83' lang='lat' dir='ltr'>apud</span> <span class='ocrx_word' id='word_1_194' title='bbox 688 3211 870 3313; x_wconf 81' lang='lat' dir='ltr'>Vergilium</span> <span class='ocrx_word' id='word_1_195' title='bbox 895 3226 1022 3312; x_wconf 81' lang='lat' dir='ltr'>Circen,</span> <span class='ocrx_word' id='word_1_196' title='bbox 1050 3229 1145 3293; x_wconf 87' lang='lat' dir='ltr'>facile</span> <span class='ocrx_word' id='word_1_197' title='bbox 1169 3235 1219 3294; x_wconf 89' lang='lat' dir='ltr'>est</span> <span class='ocrx_word' id='word_1_198' title='bbox 1245 3231 1337 3296; x_wconf 89' lang='lat' dir='ltr'>intel·</span> 
     </span>
     <span class='ocr_line' id='line_1_28' title="bbox 194 3335 383 3422; baseline -0.011 -21"><span class='ocrx_word' id='word_1_199' title='bbox 194 3339 300 3422; x_wconf 90' lang='lat' dir='ltr'>legere</span> <span class='ocrx_word' id='word_1_200' title='bbox 317 3387 323 3400; x_wconf 93' lang='lat'><strong>.</strong></span> <span class='ocrx_word' id='word_1_201' title='bbox 339 3387 345 3400; x_wconf 93' lang='lat'><strong>.</strong></span> <span class='ocrx_word' id='word_1_202' title='bbox 360 3335 383 3400; x_wconf 91' lang='lat'>.&#39;</span> 
     </span>
    </p>

    <p class='ocr_par' dir='ltr' id='par_1_16' title="bbox 194 3438 1330 3637">
     <span class='ocr_line' id='line_1_29' title="bbox 285 3438 1330 3526; baseline 0.001 -18"><span class='ocrx_word' id='word_1_203' title='bbox 285 3446 333 3509; x_wconf 86' lang='lat'>10.</span> <span class='ocrx_word' id='word_1_204' title='bbox 356 3445 511 3509; x_wconf 79' lang='lat' dir='ltr'>labriam</span> <span class='ocrx_word' id='word_1_205' title='bbox 525 3445 655 3510; x_wconf 79' lang='lat' dir='ltr'>eolleeta&#39;a</span> <span class='ocrx_word' id='word_1_206' title='bbox 674 3465 737 3509; x_wconf 92' lang='lat' dir='ltr'>uno</span> <span class='ocrx_word' id='word_1_207' title='bbox 752 3438 851 3508; x_wconf 85' lang='lat' dir='ltr'>verbo</span> <span class='ocrx_word' id='word_1_208' title='bbox 872 3443 1054 3526; x_wconf 86' lang='lat' dir='ltr'>appellatur</span> <span class='ocrx_word' id='word_1_209' title='bbox 1067 3467 1133 3508; x_wconf 92' lang='lat' dir='ltr'>non</span> <span class='ocrx_word' id='word_1_210' title='bbox 1146 3445 1330 3526; x_wconf 68' lang='lat' dir='ltr'>eaatapaiate</span> 
     </span>
     <span class='ocr_line' id='line_1_30' title="bbox 194 3550 927 3637; baseline -0.004 -21"><span class='ocrx_word' id='word_1_211' title='bbox 194 3553 278 3635; x_wconf 91' lang='lat' dir='ltr'>quod</span> <span class='ocrx_word' id='word_1_212' title='bbox 301 3575 332 3635; x_wconf 91' lang='lat' dir='ltr'>p.</span> <span class='ocrx_word' id='word_1_213' title='bbox 356 3552 430 3637; x_wconf 86' lang='grc'>290,</span> <span class='ocrx_word' id='word_1_214' title='bbox 444 3553 510 3616; x_wconf 79' lang='grc'>270</span> <span class='ocrx_word' id='word_1_215' title='bbox 531 3550 647 3635; x_wconf 84' lang='grc'>1131133,</span> <span class='ocrx_word' id='word_1_216' title='bbox 670 3550 725 3614; x_wconf 89' lang='lat' dir='ltr'>sed</span> <span class='ocrx_word' id='word_1_217' title='bbox 748 3550 927 3632; x_wconf 78' lang='lat' dir='ltr'>eoaltqae&#39;ae.</span> 
     </span>
    </p>

    <p class='ocr_par' dir='ltr' id='par_1_17' title="bbox 192 3640 1336 4169">
     <span class='ocr_line' id='line_1_31' title="bbox 284 3640 1336 3724; baseline 0.001 -2"><span class='ocrx_word' id='word_1_218' title='bbox 284 3659 333 3722; x_wconf 90' lang='lat'>11.</span> <span class='ocrx_word' id='word_1_219' title='bbox 356 3659 459 3723; x_wconf 86' lang='lat' dir='ltr'>Laeas</span> <span class='ocrx_word' id='word_1_220' title='bbox 482 3659 649 3722; x_wconf 76' lang='lat' dir='ltr'>dicebatur</span> <span class='ocrx_word' id='word_1_221' title='bbox 672 3681 728 3722; x_wconf 88' lang='lat' dir='ltr'>vas</span> <span class='ocrx_word' id='word_1_222' title='bbox 752 3657 850 3722; x_wconf 81' lang='lat' dir='ltr'>variis</span> <span class='ocrx_word' id='word_1_223' title='bbox 875 3640 986 3721; x_wconf 85' lang='lat' dir='ltr'>usibus</span> <span class='ocrx_word' id='word_1_224' title='bbox 1009 3659 1198 3723; x_wconf 87' lang='lat' dir='ltr'>inserviens.</span> <span class='ocrx_word' id='word_1_225' title='bbox 1230 3659 1336 3724; x_wconf 87' lang='lat' dir='ltr'>Huius</span> 
     </span>
     <span class='ocr_line' id='line_1_32' title="bbox 193 3763 1336 3854; baseline -0.001 -24"><span class='ocrx_word' id='word_1_226' title='bbox 193 3765 281 3830; x_wconf 85' lang='lat' dir='ltr'>vocis</span> <span class='ocrx_word' id='word_1_227' title='bbox 300 3765 536 3830; x_wconf 89' lang='lat' dir='ltr'>deminutivum</span> <span class='ocrx_word' id='word_1_228' title='bbox 554 3765 626 3830; x_wconf 86' lang='lat' dir='ltr'>vide</span> <span class='ocrx_word' id='word_1_229' title='bbox 645 3788 723 3829; x_wconf 90' lang='lat' dir='ltr'>num</span> <span class='ocrx_word' id='word_1_230' title='bbox 738 3764 772 3828; x_wconf 91' lang='lat' dir='ltr'>in</span> <span class='ocrx_word' id='word_1_231' title='bbox 787 3765 898 3847; x_wconf 87' lang='lat' dir='ltr'>glossa</span> <span class='ocrx_word' id='word_1_232' title='bbox 912 3763 1142 3846; x_wconf 87' lang='lat' dir='ltr'>Amploniana¹</span> <span class='ocrx_word' id='word_1_233' title='bbox 1155 3788 1185 3848; x_wconf 84' lang='lat' dir='ltr'>p.</span> <span class='ocrx_word' id='word_1_234' title='bbox 1200 3764 1336 3854; x_wconf 81' lang='lat'><strong>344,4¹)</strong></span> 
     </span>
     <span class='ocr_line' id='line_1_33' title="bbox 193 3870 1336 3955; baseline -0.003 -18"><span class='ocrx_word' id='word_1_235' title='bbox 193 3873 348 3940; x_wconf 78' lang='lat' dir='ltr'>barabam:</span> <span class='ocrx_word' id='word_1_236' title='bbox 378 3873 433 3936; x_wconf 82' lang='lat' dir='ltr'>aas</span> <span class='ocrx_word' id='word_1_237' title='bbox 464 3873 595 3955; x_wconf 76' lang='lat' dir='ltr'>ltpaeara</span> <span class='ocrx_word' id='word_1_238' title='bbox 628 3871 738 3935; x_wconf 89' lang='lat' dir='ltr'>lateat.</span> <span class='ocrx_word' id='word_1_239' title='bbox 788 3870 840 3934; x_wconf 91' lang='lat' dir='ltr'>Ibi</span> <span class='ocrx_word' id='word_1_240' title='bbox 872 3877 1067 3954; x_wconf 82' lang='lat' dir='ltr'>quamquam</span> <span class='ocrx_word' id='word_1_241' title='bbox 1097 3893 1162 3934; x_wconf 88' lang='lat' dir='ltr'>una</span> <span class='ocrx_word' id='word_1_242' title='bbox 1191 3872 1336 3935; x_wconf 86' lang='lat' dir='ltr'>litterula</span> 
     </span>
     <span class='ocr_line' id='line_1_34' title="bbox 192 3977 1335 4061; baseline 0 -18"><span class='ocrx_word' id='word_1_243' title='bbox 192 3982 317 4044; x_wconf 88' lang='lat' dir='ltr'>mutata</span> <span class='ocrx_word' id='word_1_244' title='bbox 341 3979 474 4044; x_wconf 79' lang='lat' dir='ltr'>baeabaa</span> <span class='ocrx_word' id='word_1_245' title='bbox 497 3977 636 4042; x_wconf 86' lang='lat' dir='ltr'>seribere</span> <span class='ocrx_word' id='word_1_246' title='bbox 659 3977 748 4059; x_wconf 80' lang='lat' dir='ltr'>lieet,</span> <span class='ocrx_word' id='word_1_247' title='bbox 767 3980 877 4040; x_wconf 89' lang='lat' dir='ltr'>tamen</span> <span class='ocrx_word' id='word_1_248' title='bbox 899 3977 1039 4041; x_wconf 87' lang='lat' dir='ltr'>fortasse</span> <span class='ocrx_word' id='word_1_249' title='bbox 1062 3999 1101 4040; x_wconf 87' lang='lat' dir='ltr'>ne</span> <span class='ocrx_word' id='word_1_250' title='bbox 1128 3977 1188 4041; x_wconf 87' lang='lat' dir='ltr'>hae</span> <span class='ocrx_word' id='word_1_251' title='bbox 1207 3978 1335 4061; x_wconf 85' lang='lat' dir='ltr'>quidem</span> 
     </span>
     <span class='ocr_line' id='line_1_35' title="bbox 192 4081 1333 4169; baseline -0.002 -18"><span class='ocrx_word' id='word_1_252' title='bbox 192 4087 372 4158; x_wconf 88' lang='lat' dir='ltr'>mutatione</span> <span class='ocrx_word' id='word_1_253' title='bbox 391 4107 472 4168; x_wconf 90' lang='lat' dir='ltr'>opus</span> <span class='ocrx_word' id='word_1_254' title='bbox 492 4087 549 4148; x_wconf 88' lang='lat' dir='ltr'>est.</span> <span class='ocrx_word' id='word_1_255' title='bbox 582 4084 628 4149; x_wconf 92' lang='lat' dir='ltr'>Ut</span> <span class='ocrx_word' id='word_1_256' title='bbox 651 4084 737 4148; x_wconf 90' lang='lat' dir='ltr'>enim</span> <span class='ocrx_word' id='word_1_257' title='bbox 756 4084 869 4148; x_wconf 87' lang='lat' dir='ltr'>laeaaa</span> <span class='ocrx_word' id='word_1_258' title='bbox 887 4107 946 4167; x_wconf 91' lang='lat' dir='ltr'>pro</span> <span class='ocrx_word' id='word_1_259' title='bbox 966 4081 1110 4169; x_wconf 79' lang='lat' dir='ltr'>laeaaa²)</span> <span class='ocrx_word' id='word_1_260' title='bbox 1134 4083 1263 4166; x_wconf 87' lang='lat' dir='ltr'>saepius</span> <span class='ocrx_word' id='word_1_261' title='bbox 1283 4107 1333 4149; x_wconf 87' lang='lat' dir='ltr'>eo-</span> 
     </span>
    </p>
   </div>
   <div class='ocr_carea' id='block_1_7' title="bbox 191 4295 1332 4548">
    <p class='ocr_par' dir='ltr' id='par_1_18' title="bbox 191 4295 1332 4548">
     <span class='ocr_line' id='line_1_36' title="bbox 265 4295 1332 4374; baseline 0 -25"><span class='ocrx_word' id='word_1_262' title='bbox 265 4296 283 4366; x_wconf 86' lang='lat'>¹)</span> <span class='ocrx_word' id='word_1_263' title='bbox 303 4297 386 4365; x_wconf 86' lang='lat' dir='ltr'>Apud</span> <span class='ocrx_word' id='word_1_264' title='bbox 405 4295 553 4350; x_wconf 87' lang='lat' dir='ltr'>Oehlerum</span> <span class='ocrx_word' id='word_1_265' title='bbox 572 4297 581 4348; x_wconf 89' lang='grc'>1</span> <span class='ocrx_word' id='word_1_266' title='bbox 599 4296 711 4350; x_wconf 87' lang='lat' dir='ltr'>litterae</span> <span class='ocrx_word' id='word_1_267' title='bbox 729 4297 829 4374; x_wconf 82' lang='lat' dir='ltr'>quarta</span> <span class='ocrx_word' id='word_1_268' title='bbox 847 4298 901 4349; x_wconf 89' lang='lat' dir='ltr'>est:</span> <span class='ocrx_word' id='word_1_269' title='bbox 928 4295 956 4349; x_wconf 92' lang='lat' dir='ltr'>in</span> <span class='ocrx_word' id='word_1_270' title='bbox 980 4295 1074 4350; x_wconf 79' lang='lat' dir='ltr'>codice</span> <span class='ocrx_word' id='word_1_271' title='bbox 1093 4311 1159 4352; x_wconf 86' lang='lat' dir='ltr'>vero</span> <span class='ocrx_word' id='word_1_272' title='bbox 1182 4295 1332 4364; x_wconf 80' lang='grc'>1133133111,</span> 
     </span>
     <span class='ocr_line' id='line_1_37' title="bbox 191 4383 846 4457; baseline -0.003 -19"><span class='ocrx_word' id='word_1_273' title='bbox 191 4385 240 4457; x_wconf 86' lang='lat' dir='ltr'>qui</span> <span class='ocrx_word' id='word_1_274' title='bbox 258 4401 320 4440; x_wconf 91' lang='lat' dir='ltr'>eam</span> <span class='ocrx_word' id='word_1_275' title='bbox 339 4385 460 4439; x_wconf 82' lang='lat' dir='ltr'>seeundo</span> <span class='ocrx_word' id='word_1_276' title='bbox 478 4385 539 4437; x_wconf 83' lang='lat' dir='ltr'>loeo</span> <span class='ocrx_word' id='word_1_277' title='bbox 558 4383 689 4452; x_wconf 80' lang='lat' dir='ltr'>scriptam</span> <span class='ocrx_word' id='word_1_278' title='bbox 708 4384 846 4438; x_wconf 86' lang='lat' dir='ltr'>exhibeat.</span> 
     </span>
     <span class='ocr_line' id='line_1_38' title="bbox 264 4472 1330 4548; baseline 0.003 -21"><span class='ocrx_word' id='word_1_279' title='bbox 264 4473 284 4548; x_wconf 77' lang='lat'>²)</span> <span class='ocrx_word' id='word_1_280' title='bbox 303 4473 375 4533; x_wconf 85' lang='lat' dir='ltr'>Vide</span> <span class='ocrx_word' id='word_1_281' title='bbox 394 4473 604 4532; x_wconf 77' lang='lat' dir='ltr'>Lachmanuum</span> <span class='ocrx_word' id='word_1_282' title='bbox 622 4472 657 4530; x_wconf 89' lang='lat' dir='ltr'>ad</span> <span class='ocrx_word' id='word_1_283' title='bbox 676 4473 837 4532; x_wconf 84' lang='lat' dir='ltr'>Lucretium</span> <span class='ocrx_word' id='word_1_284' title='bbox 856 4473 904 4545; x_wconf 84' lang='lat' dir='ltr'>HI,</span> <span class='ocrx_word' id='word_1_285' title='bbox 924 4479 991 4529; x_wconf 88' lang='lat'>1031</span> <span class='ocrx_word' id='word_1_286' title='bbox 1011 4492 1038 4546; x_wconf 93' lang='lat' dir='ltr'>p.</span> <span class='ocrx_word' id='word_1_287' title='bbox 1055 4478 1120 4546; x_wconf 78' lang='lat'>205,</span> <span class='ocrx_word' id='word_1_288' title='bbox 1144 4473 1222 4532; x_wconf 83' lang='lat' dir='ltr'>ouius</span> <span class='ocrx_word' id='word_1_289' title='bbox 1241 4491 1330 4532; x_wconf 83' lang='grc'>311313-</span> 
     </span>
    </p>
   </div>
   <div class='ocr_carea' id='block_1_8' title="bbox 0 0 1612 5126">
    <p class='ocr_par' dir='ltr' id='par_1_19' title="bbox 0 0 1612 5126">
     <span class='ocr_line' id='line_1_39' title="bbox 0 0 1612 5126; baseline 0 5"><span class='ocrx_word' id='word_1_290' title='bbox 0 0 1612 5126; x_wconf 95' lang='lat' dir='ltr'> </span> 
     </span>
    </p>
   </div>
  </div>
 </body>
</html>
