3192 5126
710 322 953 385 ..400-

350 482 400 544 36.
426 479 623 546 Corculum
646 483 837 564 ingeniosum
865 487 894 546 et
913 483 1096 564 prudentem
1119 483 1259 548 dicebant
1279 489 1409 549 uetans:

420 593 465 652 est
487 592 589 650 numm
612 589 831 652 diminutivum
853 611 874 653 a
896 591 983 654 eorde

262 691 350 756 Haec
370 693 563 777 glossarium
580 692 777 779 Salomonis,
796 696 986 779 quibuscum
1002 697 1039 760 cf.
1054 696 1188 760 Festum
1202 695 1296 762 Pauli
1311 699 1362 782 61,
1374 697 1410 763 5:

262 797 470 864 corculum
490 823 509 863 a
529 801 623 866 corde
648 801 799 866 dicebaut
785 802 949 887 tantiqui
968 804 1136 867 sollertem
1155 807 1188 869 et
1211 805 1351 870 acutum’
1376 811 1412 870 et

262 905 404 970 Plinium
427 905 467 972 N.
486 908 608 990 bVII,
626 908 745 973 1182‘.
761 911 1005 992 ..praestitere
1029 915 1154 976 ceteros
1179 917 1265 977 mort
1251 914 1332 977 tales
1357 936 1410 977 sa-

262 1012 398 1094 pientia:
430 1014 471 1078 ob
500 1014 533 1078 id
557 1012 629 1079 Oa
605 1019 643 1098 1,
673 959 831 1080 0111111
860 1017 946 1100 apud
969 1017 1135 1082 Romanos
1165 1019 1410 1116 cognominati'.

351 1155 403 1218 36.
435 1155 479 1219 M.
495 1157 646 1221 Aurelius
671 1157 858 1222 Antoninus
877 1157 1042 1224 Caracallo
1066 1161 1312 1244 cognominatus
1336 1183 1410 1225 esse

262 1261 428 1326 dicebatur
455 1263 530 1326 inde
559 1264 644 1346 quod
676 1264 870 1328 caracallam
904 1265 1038 1329 ‘vestem
1067 1267 1135 1331 sine
1163 1268 1299 1332 manicis
1328 1290 1409 1334 auro

262 1367 397 1431 textam'
431 1366 787 1454 (11111111111111112
820 1395 849 1456 p.
877 1373 952 1455 287,
976 1371 1032 1458 86)
1066 1373 1133 1438 sive
1166 1372 1408 1440 ‘vestimentum

263 1474 463 1538 sacerdotale
488 1476 557 1538 sine
580 1477 717 1543 cucullo'
737 1477 820 1564 (Mai
835 1478 882 1542 VI
901 1500 931 1561 p.
946 1479 1054 1544 aaut:
1074 1479 1243 1568 permedio)
1267 1482 1409 1546 Romam

264 1581 404 1662 quodam
428 1582 523 1646 modo
547 1583 788 1650 introduxisset.

352 1901 439 1978 Quae
465 1925 561 1987 supra
586 1905 774 1988 collegimus
798 1905 848 1969 vel
872 1906 994 1989 potius,
1024 1929 1096 1970 cum
1120 1908 1229 1971 omnia
1252 1908 1326 1971 dare
1349 1931 1409 1972 no·

261 2010 430 2094 luerimus,
463 2002 678 2093 excerpsimus
707 2011 941 2093 perlustrantes
968 2033 1029 2076 nos
1061 2012 1173 2096 fugere
1201 2035 1267 2078 non
1296 2018 1410 2099 potest

262 2117 404 2199 aliquam
429 2116 544 2179 barum
568 2117 752 2199 glossarum
780 2121 905 2200 partem
936 2140 974 2181 cx
1002 2118 1095 2182 bonis
1126 2124 1240 2203 satque
1264 2121 1409 2205 antiquis

261 2223 406 2287 fontibus
440 2223 579 2287 fluxisse.
630 2222 692 2298 Qui
726 2222 836 2306 quales
869 2223 990 2287 fuerint
1023 2216 1210 2310 scriptores,
1242 2227 1304 2291 hoc
1335 2207 1414 2292 curn¹

263 2329 343 2393 alias
368 2331 409 2394 ob
434 2352 547 2394 causas
573 2334 642 2394 tum
666 2330 717 2393 vel
746 2333 918 2413 propterea
946 2331 1137 2415 investigari
1164 2334 1291 2418 nequit,
1323 2336 1410 2418 quod

263 2438 551 2519 grammaticorum
579 2435 733 2518 reliquiae
762 2435 802 2499 ad
829 2436 913 2500 hanc
941 2437 1112 2501 materiam
1142 2441 1326 2521 spectantes
1354 2443 1411 2506 vix

263 2543 434 2607 credideris
457 2563 555 2626 quam
579 2541 704 2606 ieiunae
724 2541 940 2626 disiectaeque
960 2543 1033 2608 sint.
1064 2543 1179 2627 ltaque
1198 2546 1410 2611 hortantum

263 2672 279 2712 e
299 2649 503 2714 collectaneis
523 2648 645 2713 nostris
670 2649 838 2732 concludo,
862 2651 1109 2732 praenominum
1127 2655 1160 2714 11
1179 2655 1410 2736 cognominum

263 2756 511 2839 explicationem
545 2759 666 2820 certam
699 2755 816 2820 veteris
847 2758 1111 2838 alamoinorum(
1139 2764 1265 2840 partem
1293 2760 1410 2825 fuisse:

261 2863 295 2927 id
319 2865 404 2948 quod
429 2886 505 2929 sane
525 2862 763 2928 concedendum
782 2863 910 2926 aliunde
928 2863 994 2926 iam
1014 2867 1171 2930 constare.
1207 2865 1278 2930 Duo
1298 2870 1411 2932 tamen

264 2969 432 3034 adicienda
461 2970 625 3052 videntur,
659 2991 795 3052 quorum
824 2968 870 3030 alt
856 2971 962 3032 terum
991 2970 1031 3033 ad
1059 2970 1185 3034 Placidi
1213 2949 1329 3056 quibus
1357 2975 1410 3037 usi

263 3099 373 3140 sumus
402 3076 530 3159 glossas
556 3079 697 3158 spectat,
668 3075 765 3138 tad
788 3075 983 3158 reliquarum
1008 3099 1095 3141 mere
1119 3078 1294 3147 latinarum
1320 3080 1410 3143 haud

263 3183 413 3267 exiguam
433 3183 559 3265 copiam
585 3183 730 3248 alterum.
773 3182 967 3246 Accuratius
992 3183 1080 3247 enim
1103 3183 1268 3267 inquirent
1270 3207 1303 3248 11
1254 3185 1409 3248 tduos

263 3290 372 3354 fontes
396 3289 541 3353 diversos
565 3290 753 3373 dignoscere
777 3289 873 3351 nobis
896 3289 1055 3372 videmur,
1084 3311 1164 3373 quos
1187 3294 1223 3353 ut
1250 3313 1315 3354 non
1336 3292 1410 3356 sine

263 3396 372 3479 aliqua
390 3396 622 3478 probabilitate
636 3394 790 3478 indagare
809 3383 969 3477 possimus
989 3390 1161 3459 diversitas
1175 3397 1301 3460 numeri
1319 3397 1411 3462 facit.

262 3503 373 3566 Habes
402 3503 488 3566 enim
517 3503 676 3585 pluralem
704 3501 738 3564 in
761 3500 901 3584 Placidi,
929 3502 985 3584 qui
1007 3502 1113 3584 priore
1141 3503 1331 3566 fonteusus
1355 3504 1411 3587 111,

262 3609 314 3673 his
337 3609 456 3674 tribus:

258 3723 260 3727 ¹
330 3733 515 3818 Agrippae:
540 3735 595 3818 qui
619 3734 754 3817 pedibus
779 3733 915 3798 editiore
939 3733 1044 3816 capite
1067 3733 1237 3815 pariuntur

331 3856 481 3922 Cilones:
507 3881 643 3942 quorum
667 3859 782 3964 capita*
800 3857 942 3941 oblonga
1013 3917 1018 3926 ,

331 3981 501 4066 Opiteres:
525 3982 580 4067 qui
604 3983 693 4047 obito
717 3987 810 4066 patre
834 3988 867 4047 11
891 4005 950 4047 avo
974 3984 1103 4048 vivente
1126 3979 1349 4067 nascuntur¹),

263 4109 296 4171 in
325 4106 458 4190 reliquis
489 4110 597 4170 autem
620 4105 741 4189 glossis
770 4106 888 4190 ubique
916 4106 982 4170 fere
1007 4107 1218 4191 singularem,
1247 4107 1336 4170 euius
1359 4108 1410 4170 rei

265 4215 412 4297 exempla
434 4214 552 4278 iterare
571 4236 637 4278 non
656 4235 739 4314 opus
757 4216 814 4276 est.
848 4210 911 4276 Sed
929 4234 968 4276 ex
991 4213 1053 4277 hac
1072 4235 1199 4297 quoque
1223 4213 1409 4296 glossarum

339 4441 358 4511 ¹)
379 4439 505 4496 Glossam
525 4459 596 4510 quae
616 4444 657 4496 est
676 4442 710 4496 de
726 4442 887 4510 posthumus
906 4441 1071 4511 cognomine
1090 4441 1217 4496 consulto
1236 4441 1343 4496 omitto.
