3232 5122
212 470 359 524 lnaresccs
379 467 566 535 ἀπαυαίνομαι

212 735 338 790 lnaurist
360 736 476 789 ἐνώτιον

211 913 330 980 Inauros
349 913 458 980 χρυεόω

210 1179 383 1235 Incaeduusz
402 1180 525 1246 ἄτμητος

103 1479 105 1486 ·
210 1447 321 1502 inoeror
340 1446 435 1514 κηρόω

197 1626 367 1680 incalesce:
387 1623 612 1691 διαθερμαίνομαι

209 1891 357 1946 incallidus
368 1903 381 1946 t·
397 1892 498 1957 ἄδοχο(

208 2245 341 2301 mossur
361 2246 456 2300 ἑπάδω

208 2514 379 2584 incapistror
398 2514 493 2581 φιμὸω

209 2692 367 2747 incassum:
385 2692 518 2760 φρούδωε

208 3049 353 3104 incautusr
372 3049 527 3117 φιλάπλου(

207 3138 326 3193 incedas
345 3137 498 3206 εἰεέρχομαι

660 263 1018 376 -199-ψ

663 469 799 525 Inaresco.
826 470 899 525 Vide
916 469 1086 542 indictione
1105 470 1215 525 Aresco.

665 560 795 628 Inarime,
814 559 907 630 penul.
927 576 1031 628 correp.
1050 559 1143 614 insula
1157 601 1163 614 .
1179 599 1208 614 ..

663 649 791 719 lnaudio,
810 648 861 703 dis.
890 648 962 703 Vide
980 648 1010 702 in
1028 647 1150 702 dictione
1169 646 1269 702 Audio.

662 737 788 806 lnauris,
801 739 994 792 ornamentum
1008 736 1083 805 quod
1102 737 1137 791 ab
1157 728 1223 790 aure
1241 735 1353 805 pendet.

733 827 807 881 Nam
824 826 854 880 in
873 825 986 881 Oriente
1002 865 1008 880 .
1024 866 1029 880 .
1045 814 1057 880 .’
1159 831 1163 837 ’

663 917 776 986 Inauro,
801 933 845 985 as,
871 913 912 970 ex'
927 914 957 969 in
980 917 1010 970 et
1031 930 1107 969 auro.
1140 914 1215 968 Auro
1233 930 1299 968 uero
1318 914 1354 969 ab

734 1022 833 1060 aurum
850 1005 903 1059 fit.
920 1046 948 1060 ..

663 1094 853 1163 Inauspicatc,
872 1092 1034 1148 aduerbium
1052 1093 1282 1161 usurpatum...
1394 1126 1398 1136 ·

663 1185 828 1252 incaeduus,
855 1182 926 1251 dua,
948 1180 1053 1260 Iduum,
1081 1197 1144 1234 cum
1172 1179 1355 1250 diphthongo,

734 1271 809 1341 quod
831 1257 887 1326 ircn
909 1269 1047 1339 caeditur,
1076 1285 1109 1323 ex
1133 1269 1163 1323 iu
1185 1270 1218 1323 et
1242 1269 1354 1342 aeduus.

636 1385 640 1392 ·
735 1360 870 1417 Cato...

662 1452 788 1520 Ineaero,
812 1465 871 1518 ras,
894 1446 1002 1516 aliquid
1010 1453 1107 1502 ‘caera
1123 1448 1198 1516 tego.
1234 1445 1353 1503 Persius.

730 1539 831 1594 Genua
851 1538 993 1593 incaerare
1011 1536 1156 1608 Deorum.⁸

663 1628 814 1696 incalesce,
839 1627 904 1696 scis,
927 1625 1045 1693 incalui,
1073 1624 1156 1678 ualde
1180 1623 1286 1678 calidus
1309 1625 1353 1678 fio.

732 1716 864 1786 Hierony.
883 1715 912 1770 in
931 1714 959 1769 li.
979 1714 1089 1769 Hester.
1125 1713 1223 1781 Itaque
1247 1712 1292 1767 die
1313 1729 1353 1766 se·
1437 1763 1439 1771 ι

732 1805 823 1874 ptimo
841 1845 847 1858 .
863 1845 892 1859 ..
1035 1795 1041 1806 ⁸

664 1893 825 1963 lucullidus,
844 1910 894 1962 per
912 1891 1016 1962 duplex
1034 1891 1069 1959 11,
1088 1908 1144 1945 non
1162 1891 1280 1946 astutus.
1310 1889 1353 1945 Ci-

734 1999 796 2038 cero
815 1982 844 2036 in
862 1983 923 2035 arte
942 1980 1039 2035 ueteri.
1068 1979 1123 2035 Sed
1142 1997 1229 2049 quum
1247 1994 1265 2033 a
1281 1996 1353 2032 sum-
1410 1994 1414 2003 ¹

733 2071 785 2126 mis
803 2071 935 2126 uiris...

661 2160 840 2229 Incandesoo,
856 2159 957 2226 descis,
971 2157 1110 2213 incandui.
1130 2157 1206 2212 Vide·
1217 2173 1301 2226 supra
1311 2197 1317 2210 .
1329 2197 1353 2210 ..

662 2250 790 2318 incante,
822 2250 880 2318 tas,
913 2248 1052 2318 significat
1079 2246 1172 2302 uerbis
1200 2245 1280 2314 solis,
1307 2245 1354 2300 uel

733 2338 819 2393 etiam
837 2339 921 2392 rebus
939 2336 1108 2406 quibusdam
1125 2333 1279 2403 adiunctis,
1303 2333 1352 2388 ali·

733 2427 802 2496 quid
816 2443 900 2496 supra
913 2428 1043 2480 naturam
1057 2423 1165 2481 molior.
1188 2422 1295 2477 Plinius
1311 2463 1352 2478 ...

662 2516 859 2585 incapistrars,
882 2514 1007 2586 illigare,
1026 2530 1044 2568 a
1063 2513 1184 2582 capistro
1202 2512 1353 2567 formatum

731 2605 854 2660 uerbum.

607 2775 609 2780 Ι
663 2694 813 2762 incassum,
832 2692 1004 2764 perduplex
1022 2710 1060 2760 ss,
1084 2689 1223 2760 siguificat
1240 2688 1352 2743 frustra.

732 2782 803 2838 Vide
822 2783 851 2837 in
869 2781 991 2836 dictione
1011 2780 1117 2836 Casses.

661 2871 801 2940 lncasum,
820 2888 870 2941 per
887 2871 1005 2939 simplex
1019 2888 1045 2939 s,
1064 2868 1194 2938 supinum
1212 2868 1255 2921 est
1273 2865 1353 2920 uerbi

730 2960 823 3015 incido
839 3003 845 3014 .
861 3004 867 3015 .
884 3002 890 3014 .
1162 2948 1163 2951 ¹

662 3051 799 3105 incautus.
837 3049 909 3103 Vide
928 3065 1013 3118 supra
1032 3046 1062 3101 in
1080 3045 1202 3102 dictione
1222 3045 1334 3101 Cautus.

608 3185 612 3192 .
660 3139 774 3208 Incede,
793 3137 881 3206 cedis,
901 3137 983 3206 cessi,
1007 3153 1127 3203 cessum,
1151 3151 1213 3204 pen.
1233 3151 1291 3202 pro.
1310 3132 1351 3186 in-

731 3228 855 3298 gredior,
879 3228 972 3283 subeo.
991 3227 1035 3294 ut,
1055 3223 1181 3279 Scribedi
1203 3221 1292 3276 libido
1310 3220 1352 3274 in·

731 3317 815 3372 cessit
832 3333 885 3371 me.
904 3315 1068 3410 Interdum.
1085 3355 1112 3369 ..
1346 3327 1348 3332 ·

208 3460 278 3537 Quo
308 3463 415 3526 autem
442 3462 538 3527 modo
561 3461 738 3527 Vulcanius
767 3461 999 3528 Onomasticon
1030 3457 1210 3540 iteraverit,
1242 3443 1351 3520 utrum

207 3567 380 3653 diligenter
404 3593 446 3634 an
468 3591 583 3655 parum
607 3573 768 3653 accurate,
795 3568 997 3633 'emendatius
1024 3588 1067 3630 an
1094 3563 1290 3648 corruptius,
1317 3561 1352 3627 in

207 3675 269 3741 hoc
291 3675 453 3760 inquirere
476 3676 559 3741 nihil
582 3676 647 3740 iam
675 3673 781 3740 refert.
816 3673 920 3739 Multa
944 3694 1018 3737 eum
1041 3669 1217 3735 correxisse
1239 3669 1352 3753 negari

142 3847 151 3862 ,
207 3804 273 3847 non
300 3787 421 3868 potest,
448 3806 521 3849 cum
549 3805 626 3848 sane
650 3782 801 3848 editionis
830 3779 985 3866 principis
1009 3799 1082 3843 eum
1104 3776 1259 3840 lemmata
1280 3779 1351 3839 tum

207 3890 347 3955 maxime
378 3890 667 3974 interpretamenta
698 3909 817 3974 graeca
845 3886 969 3952 mendis
1006 3882 1252 3969 typographicis
1285 3903 1352 3946 sca-

206 4000 304 4062 teant.
350 3996 421 4074 Qua
443 3997 477 4060 in
499 4018 534 4061 re
557 4018 637 4082 quas
661 3995 788 4080 glossas
811 3994 989 4059 Vulcanius
1013 3988 1245 4073 emendaverit,
1271 4010 1350 4072 quas
1420 4005 1423 4010 ·

206 4088 290 4170 male
308 4102 498 4170 tractaverit
517 4101 696 4187 eOalcpini
714 4101 817 4166 lexico
840 4100 935 4165 facile
954 4120 1039 4164 nunc
1058 4095 1209 4182 cognosci
1232 4098 1350 4179 potest

207 4211 299 4288 Quod
323 4211 350 4276 si
378 4210 547 4290 evolveris,
577 4213 689 4275 verum
717 4208 811 4273 illum
840 4206 1034 4291 aliquotiens
1057 4225 1124 4269 non
1147 4201 1266 4268 vidisse
1289 4203 1351 4267 tibi

206 4317 386 4402 apparebit.
418 4317 517 4382 Velut
531 4317 570 4382 ad
591 4315 782 4383 onomastici
800 4337 831 4400 p.
848 4315 888 4380 16
908 4314 1053 4399 glossam
1071 4311 1259 4377 Avianium:
1274 4309 1349 4377 ἀνο-

207 4425 259 4490 δία
276 4424 357 4492 haec
375 4425 467 4491 illum
486 4423 697 4491 adnotantem
719 4425 872 4490 notarum
889 4443 921 4508 p.
939 4420 1014 4487 112:
1037 4417 1121 4510 ‘lege
1140 4419 1228 4508 aare,
1247 4439 1349 4488 mum:
