3178 5122
665 333 883 398 „23-

180 491 471 559 '‘Vocabularium
495 493 678 579 Optimum'
707 515 727 557 a
749 491 909 558 Guilelmo
941 491 1231 579 Wackernagel
1254 495 1347 561 Basi-

200 598 271 664 leae
295 623 322 665 a.
348 599 432 664 1847
458 600 587 665 editum.
614 636 651 646 -

287 703 431 768 Primum
450 705 550 789 igitur
569 705 608 768 ad
629 706 789 790 glossaria
807 728 893 770 mere
912 705 1016 771 latina
1034 728 1095 770 nos
1119 708 1347 796 convertimus,

200 833 264 896 quo
288 834 326 876 ex
349 834 483 877 numero
502 815 539 876 ut
557 812 695 878 ‘Isidori'
720 835 801 897 quae
820 816 977 878 vocantur
997 813 1126 896 glossas
1144 815 1250 897 primo
1274 815 1346 882 loco

197 919 385 982 tractandas
410 919 578 1004 eligamus,
601 920 673 1003 ipsa
696 943 808 985 earum
832 920 1009 1004 singularis
1033 924 1154 985 natura
1176 921 1264 986 facit.

736 1116 809 1198 se.

517 1301 527 1322 ·
597 1239 641 1291 lle
662 1237 798 1292 ‘Isidori’
820 1237 943 1305 glossis.

288 1362 429 1428 ‘Isidori'
449 1365 586 1451 glossas,
606 1387 742 1448 quarum
757 1365 841 1448 apud
855 1365 1001 1448 priorum
1016 1364 1221 1430 saeculorum
1238 1367 1344 1450 philo-

196 1470 291 1554 logos
309 1471 480 1553 multiplex
498 1471 571 1554 fuit,
595 1471 741 1554 quamvis
760 1492 826 1535 non
845 1493 971 1554 semper
990 1493 1088 1535 sanus
1108 1495 1194 1556 usus,
1217 1474 1342 1556 primus

196 1576 297 1641 edidit
319 1575 551 1642 Beneventura
573 1576 786 1642 Vulcanius
809 1578 845 1641 in
866 1578 952 1642 libro
971 1577 1122 1662 Lugduni
1145 1578 1343 1645 Batavorum

196 1706 225 1747 a.
254 1683 340 1748 1600
367 1683 523 1768 impresso
556 1685 610 1768 qui
638 1685 826 1748 inscribitur
856 1683 1057 1749 ‘Thesaurus
1087 1686 1254 1770 utriusque
1282 1686 1343 1750 lin-

195 1811 280 1874 guae
304 1840 311 1853 .
334 1838 342 1852 .
366 1788 393 1852 .'
421 1789 498 1855 inde
522 1811 541 1854 a
564 1813 594 1874 p.
618 1790 681 1855 667
722 1789 885 1874 ‘Applora
908 1791 1043 1856 cochlear
1066 1791 1214 1876 Amosco,
1236 1814 1343 1858 amore

194 1899 284 1979 cupio
315 1898 493 1980 Abrupolis,
524 1895 667 1962 bumilis'
706 1919 807 1980 usque
843 1897 884 1961 ad
916 1919 946 1979 p.
975 1898 1039 1962 698
1078 1896 1213 1981 ‘Zaupa
1241 1900 1343 1981 pellis.

194 2005 287 2082 Acro,
307 2003 419 2085 Nipris
436 2003 570 2066 medium
588 2003 729 2084 impediit
746 2001 838 2087 crus',
855 2002 917 2067 hoc
936 2003 1032 2067 titulo
1053 2005 1211 2087 praefixo:
1236 2005 1343 2069 ‘Liber

194 2109 384 2175 Glossarum
408 2130 447 2172 ex
470 2108 568 2172 variis
598 2108 764 2192 glossariis
794 2131 875 2193 quae
903 2109 963 2173 sub
987 2109 1105 2174 Isidori
1129 2111 1258 2175 nomine
1283 2113 1342 2176 cir-

194 2217 417 2280 cumferuntur
441 2216 614 2300 collectus?
666 2215 853 2280 Simillimae
877 2216 994 2280 indolis
1020 2221 1097 2281 sunt
1119 2240 1200 2302 quae
1222 2241 1253 2302 p.
1278 2219 1341 2284 699

194 2347 241 2408 sq.
266 2322 363 2386 edidit
386 2324 554 2408 sexaginta
577 2323 641 2387 tria
670 2321 843 2387 ‘vocabula
870 2321 994 2386 rariora
1021 2323 1195 2388 collectae
1223 2325 1341 2410 glossis

192 2428 376 2494 veteribus?
405 2428 457 2494 Ad
471 2434 642 2514 utrumque
657 2429 853 2515 glossarium
867 2428 1032 2511 pertinent
1046 2451 1128 2513 quae
1142 2453 1173 2513 p.
1187 2431 1341 2496 91-106
1454 2423 1460 2432 ’

193 2535 336 2600 adiectae
361 2540 438 2600 sunt
460 2536 553 2602 ‘Bon
577 2535 729 2601 Vulcanii
752 2533 851 2620 Brug.
875 2535 1108 2619 castigationes
1133 2539 1165 2599 et
1187 2540 1283 2602 notae
1306 2539 1342 2602 in

193 2644 319 2727 glossas
350 2641 493 2727 Isidori'‚
526 2643 641 2728 quibus
674 2644 902 2725 percorruptee
933 2640 1009 2705 illae
1042 2641 1169 2725 glossae
1204 2641 1342 2707 feliciter

192 2771 271 2812 sane
299 2772 368 2814 non
395 2771 534 2833 semper,
560 2745 749 2833 plerumque
783 2750 893 2810 tamen
920 2747 1088 2831 ingeniose
1116 2751 1297 2813 tractantur
1306 2747 1340 2837 ¹),

195 2877 277 2938 quae
302 2855 430 2939 quidem
453 2855 623 2941 ingeniosa
647 2854 807 2939 sagacitas
830 2856 863 2917 et
886 2853 1061 2938 singularis
1086 2853 1232 2918 doctrina
1254 2857 1340 2920 unde

193 2962 322 3026 fluxerit
344 2985 419 3026 mox
443 2962 621 3046 apparebit.

230 3067 231 3072 ’
282 3069 410 3153 Exiguo
430 3069 584 3152 temporis
608 3071 683 3152 post
701 3067 893 3132 Vulcanium
914 3066 1085 3131 intervallo
1105 3067 1239 3131 iteratae
1264 3073 1341 3133 sunt

194 3174 334 3240 ‘Isidori’
358 3176 485 3259 glossae
509 3174 547 3238 ad
573 3175 693 3239 calcem
717 3172 867 3257 Dionysii
887 3172 1079 3238 Gothofredi
1103 3173 1127 3238 Ι.
1148 3173 1182 3238 O.
1207 3173 1339 3240 ‘Aucto-
1423 3166 1427 3170 Α

192 3305 265 3346 rum
288 3283 409 3347 latinae
437 3283 567 3367 linguae
591 3283 625 3344 in
648 3304 749 3345 unum
771 3281 974 3346 redactorum
999 3279 1141 3364 corpus',
1165 3280 1250 3364 quod
1274 3281 1338 3344 edi-

191 3393 263 3453 tum
287 3392 336 3453 est
358 3388 389 3453 S.
413 3387 559 3454 Gervasii
579 3375 610 3453 a.
636 3388 730 3453 1602.
776 3386 857 3452 Cum
881 3391 989 3452 autem
1013 3389 1141 3471 glossae
1164 3381 1338 3451 Vulcania-

194 3517 256 3559 nae
289 3495 375 3559 intra
403 3497 603 3580 singularum
636 3496 816 3559 litterarum
849 3495 1006 3562 ambitum
1035 3494 1103 3558 sine
1131 3493 1197 3572 ullo
1226 3495 1337 3559 ordine

193 3606 399 3668 coacervatae
423 3606 540 3686 essent,
565 3606 616 3666 sat
634 3602 756 3666 utiliter
774 3602 860 3685 apud
880 3600 1113 3666 Gothofredum
1132 3599 1172 3663 ad
1192 3589 1352 3665 severum'

195 3710 358 3793 alphabeti
386 3711 532 3774 ordinem
561 3711 709 3774 redactae
739 3713 826 3788 sunt,
855 3712 892 3772 ut
918 3709 993 3773 inde
1022 3731 1049 3772 a·
1064 3731 1094 3792 p.
1126 3709 1159 3771 1:
1210 3706 1272 3772 ‘Ab
1299 3730 1338 3792 se,

195 3822 380 3900 spontaneus
401 3818 516 3903 Abujo,
538 3819 661 3899 insama
683 3800 790 3881 docilis
812 3816 943 3893 abaco,
967 3815 1047 3896 lupis
1064 3815 1267 3900 Aburlcaum,
1289 3817 1338 3879 iii-

192 3923 376 3988 lioucsluia'.
396 3974 403 3987 .
423 3922 442 3987 .'
466 3946 566 4008 usque
591 3923 631 3987 ad
654 3946 684 4006 p.
708 3923 751 3987 34
775 3921 951 4005 ‘Uleasilia
974 3923 1081 3986 viatici
1102 3927 1241 4003 scriptos
1265 3923 1337 3987 Val-

268 4191 287 4260 l)
306 4190 392 4244 Velut
410 4189 532 4259 glossam
550 4206 577 4257 p.
599 4192 663 4255 676,
682 4193 716 4242 22
735 4201 873 4242 camerina
897 4188 1022 4242 urbanus
1040 4187 1169 4239 notarum
1187 4203 1215 4254 p.
1235 4191 1282 4253 95,
1304 4192 1335 4238 13

190 4293 326 4334 canariis:
346 4280 477 4334 corbulus
496 4277 670 4332 scribendam
688 4276 828 4346 proponit,
848 4276 885 4330 ad
902 4295 930 4345 p.
946 4283 1006 4343 682,
1022 4281 1055 4328 49
1074 4275 1217 4343 iaeippcte
1241 4275 1337 4330 illudit

190 4387 217 4438 p.
243 4375 291 4437 97,
314 4374 348 4422 25
377 4367 507 4422 adnotat:
536 4369 769 4435 καταετηλιτεύει,
797 4367 832 4420 ed
855 4385 882 4434 p.
907 4349 971 4432 676,
997 4373 1010 4419 1
1039 4365 1219 4442 cuslipalam:
1244 4381 1338 4432 melisa

191 4460 330 4531 quadrata
349 4477 376 4532 p.
397 4463 439 4528 94,
460 4462 492 4515 61
515 4457 595 4516 ‘alias
615 4456 689 4526 (sict)
709 4454 896 4529 ccllibclum',
915 4452 975 4516 sim,
